
  <record>
    <leader>00590nas a2200217u  4500</leader>
    <controlfield tag='001'>991012024339703811</controlfield>
    <controlfield tag='008'>050926c    9999kyuur         0   a0eng d</controlfield>
    <datafield ind1=' ' ind2=' ' tag='035'>
      <subfield code='a'>(PPT)b29701089-01tuli_inst</subfield>
    </datafield>
    <datafield ind1=' ' ind2=' ' tag='035'>
      <subfield code='a'>ocn490854494</subfield>
      <subfield code='9'>ExL</subfield>
    </datafield>
    <datafield ind1=' ' ind2=' ' tag='035'>
      <subfield code='a'>MRC13136276 </subfield>
    </datafield>
    <datafield ind1=' ' ind2=' ' tag='040'>
      <subfield code='c'>MvI</subfield>
    </datafield>
    <datafield ind1=' ' ind2=' ' tag='079'>
      <subfield code='a'>ocm31039533</subfield>
    </datafield>
    <datafield ind1=' ' ind2=' ' tag='090'>
      <subfield code='a'>F525</subfield>
      <subfield code='b'>.W5</subfield>
    </datafield>
    <datafield ind1='0' ind2='0' tag='245'>
      <subfield code='a'>Who&apos;s who in Indiana.</subfield>
    </datafield>
    <datafield ind1=' ' ind2=' ' tag='260'>
      <subfield code='a'>Hopkinsville, Ky. :</subfield>
      <subfield code='b'>Historical Record Association</subfield>
    </datafield>
    <datafield ind1=' ' ind2=' ' tag='300'>
      <subfield code='a'>v. :</subfield>
      <subfield code='b'>ports. ;</subfield>
      <subfield code='c'>27 cm.</subfield>
    </datafield>
    <datafield ind1='0' ind2=' ' tag='362'>
      <subfield code='a'>1957-</subfield>
    </datafield>
    <datafield ind1=' ' ind2=' ' tag='500'>
      <subfield code='a'>Editors: 1957-   W. M. Hepburn.</subfield>
    </datafield>
    <datafield ind1=' ' ind2=' ' tag='902'>
      <subfield code='a'>100128</subfield>
    </datafield>
    <datafield ind1=' ' ind2=' ' tag='902'>
      <subfield code='a'>MARCIVE RECON PROJECT</subfield>
    </datafield>
    <datafield ind1=' ' ind2=' ' tag='907'>
      <subfield code='a'>.b29701089</subfield>
      <subfield code='b'>p    </subfield>
      <subfield code='c'>-</subfield>
    </datafield>
    <datafield ind1=' ' ind2=' ' tag='945'>
      <subfield code='l'>pstk </subfield>
      <subfield code='u'>v.1957</subfield>
      <subfield code='g'>1</subfield>
    </datafield>
    <datafield ind1=' ' ind2=' ' tag='998'>
      <subfield code='b'>1</subfield>
      <subfield code='c'>051225</subfield>
      <subfield code='d'>s</subfield>
      <subfield code='e'>a</subfield>
      <subfield code='f'>-</subfield>
      <subfield code='g'>0</subfield>
    </datafield>
  </record>