
  <record>
    <leader>01415cam a22004930  4500</leader>
    <controlfield tag='001'>991012025859703811</controlfield>
    <controlfield tag='002'>RLINPATM83-B474         </controlfield>
    <controlfield tag='005'>19900316000000.0</controlfield>
    <controlfield tag='008'>790117s1979    nyua     b    00110 eng  </controlfield>
    <datafield ind1=' ' ind2=' ' tag='010'>
      <subfield code='a'>78068353</subfield>
    </datafield>
    <datafield ind1=' ' ind2=' ' tag='020'>
      <subfield code='a'>0385134053 :</subfield>
      <subfield code='c'>$12.00</subfield>
    </datafield>
    <datafield ind1=' ' ind2=' ' tag='035'>
      <subfield code='a'>(PPT)b12496340-01tuli_inst</subfield>
    </datafield>
    <datafield ind1=' ' ind2=' ' tag='035'>
      <subfield code='a'>ocn471184689</subfield>
      <subfield code='9'>ExL</subfield>
    </datafield>
    <datafield ind1=' ' ind2=' ' tag='035'>
      <subfield code='a'>PATM83-B474         </subfield>
    </datafield>
    <datafield ind1=' ' ind2=' ' tag='035'>
      <subfield code='a'>PATG04641669B</subfield>
    </datafield>
    <datafield ind1=' ' ind2=' ' tag='035'>
      <subfield code='a'>5939197</subfield>
    </datafield>
    <datafield ind1='9' ind2='8' tag='049'>
      <subfield code='a'>TMYM</subfield>
      <subfield code='b'>QP376 .R47 1979</subfield>
      <subfield code='c'>1</subfield>
      <subfield code='z'>39074500735931</subfield>
    </datafield>
    <datafield ind1=' ' ind2=' ' tag='079'>
      <subfield code='a'>ocm04641669</subfield>
    </datafield>
    <datafield ind1=' ' ind2=' ' tag='090'>
      <subfield code='a'>QP376.R47</subfield>
    </datafield>
    <datafield ind1='1' ind2='0' tag='100'>
      <subfield code='a'>Restak, Richard M.,</subfield>
      <subfield code='d'>1942-</subfield>
    </datafield>
    <datafield ind1='1' ind2='4' tag='245'>
      <subfield code='a'>The brain :</subfield>
      <subfield code='b'>the last frontier /</subfield>
      <subfield code='c'>Richard M. Restak.</subfield>
    </datafield>
    <datafield ind1=' ' ind2=' ' tag='250'>
      <subfield code='a'>1st ed.</subfield>
    </datafield>
    <datafield ind1=' ' ind2=' ' tag='260'>
      <subfield code='a'>Garden City, N.Y. :</subfield>
      <subfield code='b'>Doubleday,</subfield>
      <subfield code='c'>1979.</subfield>
    </datafield>
    <datafield ind1=' ' ind2=' ' tag='300'>
      <subfield code='a'>viii, 418 p. :</subfield>
      <subfield code='b'>ill. ;</subfield>
      <subfield code='c'>22 cm.</subfield>
    </datafield>
    <datafield ind1=' ' ind2=' ' tag='500'>
      <subfield code='a'>Includes index.</subfield>
    </datafield>
    <datafield ind1=' ' ind2=' ' tag='504'>
      <subfield code='a'>Bibliography: p. [405]-408.</subfield>
    </datafield>
    <datafield ind1=' ' ind2='0' tag='650'>
      <subfield code='a'>Brain.</subfield>
    </datafield>
    <datafield ind1=' ' ind2='0' tag='650'>
      <subfield code='a'>Neuropsychology.</subfield>
    </datafield>
    <datafield ind1=' ' ind2='0' tag='650'>
      <subfield code='a'>Intellect.</subfield>
    </datafield>
    <datafield ind1=' ' ind2='0' tag='650'>
      <subfield code='a'>Human behavior.</subfield>
    </datafield>
    <datafield ind1=' ' ind2='2' tag='650'>
      <subfield code='a'>Behavior</subfield>
    </datafield>
    <datafield ind1=' ' ind2='2' tag='650'>
      <subfield code='a'>Brain</subfield>
    </datafield>
    <datafield ind1=' ' ind2='2' tag='650'>
      <subfield code='a'>Intelligence</subfield>
    </datafield>
    <datafield ind1=' ' ind2=' ' tag='852'>
      <subfield code='8'>22224884080003811</subfield>
      <subfield code='b'>GINSBURG</subfield>
      <subfield code='c'>remote</subfield>
      <subfield code='h'> QP376 .R47 1979 </subfield>
    </datafield>
    <datafield ind1='0' ind2=' ' tag='852'>
      <subfield code='8'>22225932650003811</subfield>
      <subfield code='b'>MAIN</subfield>
      <subfield code='c'>remote</subfield>
      <subfield code='h'> QP376.R47 </subfield>
    </datafield>
    <datafield ind1='0' ind2=' ' tag='852'>
      <subfield code='8'>2292095380003811</subfield>
      <subfield code='b'>AMBLER</subfield>
      <subfield code='c'>stacks</subfield>
      <subfield code='h'>QP376.R47</subfield>
    </datafield>
    <datafield ind1=' ' ind2=' ' tag='902'>
      <subfield code='a'>091208</subfield>
    </datafield>
    <datafield ind1=' ' ind2=' ' tag='907'>
      <subfield code='a'>.b12496340</subfield>
      <subfield code='b'>multi</subfield>
      <subfield code='c'>-</subfield>
    </datafield>
    <datafield ind1=' ' ind2=' ' tag='935'>
      <subfield code='a'>AAA-0516</subfield>
    </datafield>
    <datafield ind1=' ' ind2=' ' tag='935'>
      <subfield code='a'>00266590</subfield>
    </datafield>
    <datafield ind1=' ' ind2=' ' tag='945'>
      <subfield code='l'>astk </subfield>
      <subfield code='g'>1</subfield>
    </datafield>
    <datafield ind1=' ' ind2=' ' tag='945'>
      <subfield code='l'>khks </subfield>
      <subfield code='a'>QP376 .R47 1979</subfield>
      <subfield code='g'>1</subfield>
    </datafield>
    <datafield ind1=' ' ind2=' ' tag='945'>
      <subfield code='l'>kstk </subfield>
      <subfield code='g'>1</subfield>
    </datafield>
    <datafield ind1=' ' ind2=' ' tag='950'>
      <subfield code='l'>P</subfield>
      <subfield code='i'>09/13/83 C</subfield>
      <subfield code='h'>01/01/01 N</subfield>
    </datafield>
    <datafield ind1=' ' ind2=' ' tag='950'>
      <subfield code='l'>AMB</subfield>
      <subfield code='i'>09/13/83 C</subfield>
    </datafield>
    <datafield ind1=' ' ind2=' ' tag='955'>
      <subfield code='l'>P</subfield>
      <subfield code='u'>c=1 [1183596]</subfield>
      <subfield code='i'>09/13/83 C</subfield>
    </datafield>
    <datafield ind1=' ' ind2=' ' tag='955'>
      <subfield code='l'>AMB</subfield>
      <subfield code='i'>09/13/83 C</subfield>
    </datafield>
    <datafield ind1=' ' ind2=' ' tag='998'>
      <subfield code='b'>1</subfield>
      <subfield code='c'>990101</subfield>
      <subfield code='d'>m</subfield>
      <subfield code='e'>a</subfield>
      <subfield code='f'>-</subfield>
      <subfield code='g'>4</subfield>
    </datafield>
    <datafield ind1=' ' ind2=' ' tag='998'>
      <subfield code='a'>09/13/83</subfield>
      <subfield code='t'>c</subfield>
      <subfield code='s'>9665</subfield>
      <subfield code='n'>PPT</subfield>
      <subfield code='w'>DCLC7868353B</subfield>
      <subfield code='d'>05/20/83</subfield>
      <subfield code='c'>LL</subfield>
      <subfield code='b'>BK</subfield>
      <subfield code='i'>830913</subfield>
      <subfield code='l'>PATG</subfield>
    </datafield>
  </record>