
  <record>
    <leader>00788nas a2200265u  4500</leader>
    <controlfield tag='001'>991012025479703811</controlfield>
    <controlfield tag='008'>050926c19379999nmuur     h   0   a0eng d</controlfield>
    <datafield ind1=' ' ind2=' ' tag='010'>
      <subfield code='a'>37002452</subfield>
    </datafield>
    <datafield ind1=' ' ind2=' ' tag='035'>
      <subfield code='a'>(PPT)b29701302-01tuli_inst</subfield>
    </datafield>
    <datafield ind1=' ' ind2=' ' tag='035'>
      <subfield code='a'>ocn491278710</subfield>
      <subfield code='9'>ExL</subfield>
    </datafield>
    <datafield ind1=' ' ind2=' ' tag='035'>
      <subfield code='a'>MRC13136446 </subfield>
    </datafield>
    <datafield ind1=' ' ind2=' ' tag='040'>
      <subfield code='c'>MvI</subfield>
    </datafield>
    <datafield ind1=' ' ind2=' ' tag='079'>
      <subfield code='a'>ocm03973673</subfield>
    </datafield>
    <datafield ind1=' ' ind2=' ' tag='090'>
      <subfield code='a'>F795</subfield>
      <subfield code='b'>.W56</subfield>
    </datafield>
    <datafield ind1='0' ind2='0' tag='245'>
      <subfield code='a'>Who&apos;s who in New Mexico ;</subfield>
      <subfield code='b'>biographical sketches of contemporary New Mexicans ...</subfield>
    </datafield>
    <datafield ind1=' ' ind2=' ' tag='260'>
      <subfield code='a'>Albuquerque, N. M. :</subfield>
      <subfield code='b'>The Abousleman company,</subfield>
      <subfield code='c'>1937-</subfield>
    </datafield>
    <datafield ind1=' ' ind2=' ' tag='300'>
      <subfield code='a'>v. :</subfield>
      <subfield code='b'>illus. ;</subfield>
      <subfield code='c'>23 1/2 cm.</subfield>
    </datafield>
    <datafield ind1='0' ind2=' ' tag='362'>
      <subfield code='a'>v. 1-</subfield>
    </datafield>
    <datafield ind1=' ' ind2=' ' tag='500'>
      <subfield code='a'>Editor: 1937-   M. D. Abousleman.</subfield>
    </datafield>
    <datafield ind1=' ' ind2='0' tag='651'>
      <subfield code='a'>New Mexico</subfield>
      <subfield code='v'>Biography.</subfield>
    </datafield>
    <datafield ind1='1' ind2=' ' tag='700'>
      <subfield code='a'>Abousleman, Michel D.</subfield>
    </datafield>
    <datafield ind1=' ' ind2=' ' tag='902'>
      <subfield code='a'>100128</subfield>
    </datafield>
    <datafield ind1=' ' ind2=' ' tag='902'>
      <subfield code='a'>MARCIVE RECON PROJECT</subfield>
    </datafield>
    <datafield ind1=' ' ind2=' ' tag='902'>
      <subfield code='a'>F795</subfield>
      <subfield code='b'>.W56</subfield>
    </datafield>
    <datafield ind1=' ' ind2=' ' tag='907'>
      <subfield code='a'>.b29701302</subfield>
      <subfield code='b'>k    </subfield>
      <subfield code='c'>-</subfield>
    </datafield>
    <datafield ind1=' ' ind2=' ' tag='945'>
      <subfield code='l'>kstk </subfield>
      <subfield code='u'>v.1937</subfield>
      <subfield code='g'>1</subfield>
    </datafield>
    <datafield ind1=' ' ind2=' ' tag='998'>
      <subfield code='b'>1</subfield>
      <subfield code='c'>051225</subfield>
      <subfield code='d'>s</subfield>
      <subfield code='e'>a</subfield>
      <subfield code='f'>-</subfield>
      <subfield code='g'>0</subfield>
    </datafield>
  </record>