
  <record>
    <leader>01007nas a22003371a 4500</leader>
    <controlfield tag='001'>991012027249703811</controlfield>
    <controlfield tag='008'>750907c    9999enkgr p      f0   a0eng d</controlfield>
    <datafield ind1=' ' ind2=' ' tag='010'>
      <subfield code='a'>58030744</subfield>
    </datafield>
    <datafield ind1=' ' ind2=' ' tag='035'>
      <subfield code='a'>(PPT)b29701727-01tuli_inst</subfield>
    </datafield>
    <datafield ind1=' ' ind2=' ' tag='035'>
      <subfield code='a'>ocn490854763</subfield>
      <subfield code='9'>ExL</subfield>
    </datafield>
    <datafield ind1=' ' ind2=' ' tag='035'>
      <subfield code='a'>MRC13136866 </subfield>
    </datafield>
    <datafield ind1=' ' ind2=' ' tag='040'>
      <subfield code='c'>MvI</subfield>
    </datafield>
    <datafield ind1=' ' ind2=' ' tag='042'>
      <subfield code='a'>lcd</subfield>
      <subfield code='a'>premarc</subfield>
    </datafield>
    <datafield ind1=' ' ind2=' ' tag='043'>
      <subfield code='a'>nwaq---</subfield>
    </datafield>
    <datafield ind1=' ' ind2=' ' tag='079'>
      <subfield code='a'>ocm01606874</subfield>
    </datafield>
    <datafield ind1=' ' ind2=' ' tag='090'>
      <subfield code='a'>F2035</subfield>
      <subfield code='b'>.G7</subfield>
    </datafield>
    <datafield ind1='1' ind2=' ' tag='110'>
      <subfield code='a'>Great Britain.</subfield>
      <subfield code='b'>Colonial Office.</subfield>
    </datafield>
    <datafield ind1='1' ind2='0' tag='245'>
      <subfield code='a'>Antigua :</subfield>
      <subfield code='b'>report.</subfield>
    </datafield>
    <datafield ind1=' ' ind2=' ' tag='260'>
      <subfield code='a'>London :</subfield>
      <subfield code='b'>H.M. Stationery Off.</subfield>
    </datafield>
    <datafield ind1=' ' ind2=' ' tag='300'>
      <subfield code='a'>v. :</subfield>
      <subfield code='b'>illus. ;</subfield>
      <subfield code='c'>22 cm.</subfield>
    </datafield>
    <datafield ind1=' ' ind2=' ' tag='310'>
      <subfield code='a'>Biennial</subfield>
    </datafield>
    <datafield ind1=' ' ind2=' ' tag='500'>
      <subfield code='a'>Description based on: 1963/64.</subfield>
    </datafield>
    <datafield ind1=' ' ind2=' ' tag='550'>
      <subfield code='a'>Vols. for &lt;1963/64-&gt; issued by the Colonial Office; later vols. issued by the Commonwealth Office.</subfield>
    </datafield>
    <datafield ind1=' ' ind2='0' tag='651'>
      <subfield code='a'>Antigua</subfield>
      <subfield code='v'>Periodicals.</subfield>
    </datafield>
    <datafield ind1=' ' ind2='0' tag='651'>
      <subfield code='a'>Antigua.</subfield>
    </datafield>
    <datafield ind1='1' ind2=' ' tag='710'>
      <subfield code='a'>Great Britain.</subfield>
      <subfield code='b'>Colonial Office.</subfield>
    </datafield>
    <datafield ind1='1' ind2=' ' tag='710'>
      <subfield code='a'>Great Britain.</subfield>
      <subfield code='b'>Commonwealth Office.</subfield>
    </datafield>
    <datafield ind1=' ' ind2=' ' tag='902'>
      <subfield code='a'>100128</subfield>
    </datafield>
    <datafield ind1=' ' ind2=' ' tag='902'>
      <subfield code='a'>MARCIVE RECON PROJECT</subfield>
    </datafield>
    <datafield ind1=' ' ind2=' ' tag='902'>
      <subfield code='a'>F2035</subfield>
      <subfield code='b'>.G7</subfield>
    </datafield>
    <datafield ind1=' ' ind2=' ' tag='907'>
      <subfield code='a'>.b29701727</subfield>
      <subfield code='b'>p    </subfield>
      <subfield code='c'>-</subfield>
    </datafield>
    <datafield ind1=' ' ind2=' ' tag='945'>
      <subfield code='l'>pstk </subfield>
      <subfield code='u'>v.1963-64</subfield>
      <subfield code='g'>1</subfield>
    </datafield>
    <datafield ind1=' ' ind2=' ' tag='998'>
      <subfield code='b'>1</subfield>
      <subfield code='c'>051225</subfield>
      <subfield code='d'>s</subfield>
      <subfield code='e'>a</subfield>
      <subfield code='f'>-</subfield>
      <subfield code='g'>0</subfield>
    </datafield>
  </record>