
  <record>
    <leader>01732nas a2200433u  4500</leader>
    <controlfield tag='001'>991012027919703811</controlfield>
    <controlfield tag='008'>050927c    9999dcuur p   d   0   a0eng d</controlfield>
    <datafield ind1=' ' ind2=' ' tag='035'>
      <subfield code='a'>(PPT)b29701867-01tuli_inst</subfield>
    </datafield>
    <datafield ind1=' ' ind2=' ' tag='035'>
      <subfield code='a'>ocn491278749</subfield>
      <subfield code='9'>ExL</subfield>
    </datafield>
    <datafield ind1=' ' ind2=' ' tag='035'>
      <subfield code='a'>MRC13137416 </subfield>
    </datafield>
    <datafield ind1=' ' ind2=' ' tag='040'>
      <subfield code='c'>MvI</subfield>
    </datafield>
    <datafield ind1=' ' ind2=' ' tag='079'>
      <subfield code='a'>ocm64228130</subfield>
    </datafield>
    <datafield ind1=' ' ind2=' ' tag='090'>
      <subfield code='a'>G105</subfield>
      <subfield code='b'>.U52</subfield>
    </datafield>
    <datafield ind1='2' ind2=' ' tag='110'>
      <subfield code='a'>United States Board on Geographic Names.</subfield>
    </datafield>
    <datafield ind1='1' ind2='0' tag='245'>
      <subfield code='a'>Decision list.</subfield>
    </datafield>
    <datafield ind1=' ' ind2=' ' tag='260'>
      <subfield code='a'>Washington.</subfield>
    </datafield>
    <datafield ind1=' ' ind2=' ' tag='300'>
      <subfield code='a'>v. in ;</subfield>
      <subfield code='c'>22-25 cm.</subfield>
    </datafield>
    <datafield ind1='0' ind2=' ' tag='362'>
      <subfield code='a'>1892-</subfield>
    </datafield>
    <datafield ind1=' ' ind2=' ' tag='500'>
      <subfield code='a'>Frequency varies.</subfield>
    </datafield>
    <datafield ind1=' ' ind2=' ' tag='500'>
      <subfield code='a'>Decisions prior to 1892 were published in Bulletin no. 1-3 of the Geographic Board and later in the Board&apos;s 1st Report.</subfield>
    </datafield>
    <datafield ind1=' ' ind2=' ' tag='500'>
      <subfield code='a'>Cumulations issued irregularly; cumulated decisions issued also in the 2d-6th Reports of the U. S. Geographic Board.</subfield>
    </datafield>
    <datafield ind1=' ' ind2=' ' tag='500'>
      <subfield code='a'>Issues for Oct. 1, 1930-May 2, 1934 called no. 1-41; July/oCt. 1943-   called no. 4301- .</subfield>
    </datafield>
    <datafield ind1=' ' ind2=' ' tag='547'>
      <subfield code='a'>Title varies: 1892-Apr. 1944, Decisions.</subfield>
    </datafield>
    <datafield ind1=' ' ind2=' ' tag='547'>
      <subfield code='a'>Beginning in 1944, some vol. have title: Cumulative decision list.</subfield>
    </datafield>
    <datafield ind1=' ' ind2=' ' tag='550'>
      <subfield code='a'>Vols. for 1892-May 2, 1934-May 2, 1934 issued by the Geographic Board (called 1892-  Board on Geographic Names); 1934/35--Apr./July 1947 by the Board on Geographical Names.</subfield>
    </datafield>
    <datafield ind1=' ' ind2='0' tag='650'>
      <subfield code='a'>Geography</subfield>
      <subfield code='v'>Dictionaries.</subfield>
    </datafield>
    <datafield ind1='2' ind2=' ' tag='710'>
      <subfield code='a'>United States Board on Geographical Names.</subfield>
    </datafield>
    <datafield ind1='0' ind2=' ' tag='740'>
      <subfield code='a'>Decisions.</subfield>
    </datafield>
    <datafield ind1='0' ind2=' ' tag='852'>
      <subfield code='8'>22227952320003811</subfield>
      <subfield code='b'>MAIN</subfield>
      <subfield code='c'>remote</subfield>
      <subfield code='x'>FREQUENCY: a | SCODE3: -</subfield>
      <subfield code='h'> G105 </subfield>
      <subfield code='i'> .U52 </subfield>
    </datafield>
    <datafield ind1=' ' ind2='0' tag='866'>
      <subfield code='8'>22227952320003811.1</subfield>
      <subfield code='a'>Some volumes are in the Library Depository</subfield>
    </datafield>
    <datafield ind1=' ' ind2=' ' tag='902'>
      <subfield code='a'>121019</subfield>
    </datafield>
    <datafield ind1=' ' ind2=' ' tag='902'>
      <subfield code='a'>MARCIVE RECON PROJECT</subfield>
    </datafield>
    <datafield ind1=' ' ind2=' ' tag='907'>
      <subfield code='a'>.b29701867</subfield>
      <subfield code='b'>k    </subfield>
      <subfield code='c'>-</subfield>
    </datafield>
    <datafield ind1=' ' ind2=' ' tag='945'>
      <subfield code='l'>kstk </subfield>
      <subfield code='u'>v.1932-34 no.19-41</subfield>
      <subfield code='g'>1</subfield>
    </datafield>
    <datafield ind1=' ' ind2=' ' tag='945'>
      <subfield code='l'>kstk </subfield>
      <subfield code='u'>v.1934-43</subfield>
      <subfield code='g'>1</subfield>
    </datafield>
    <datafield ind1=' ' ind2=' ' tag='945'>
      <subfield code='l'>kstk </subfield>
      <subfield code='u'>v.1944-45</subfield>
      <subfield code='g'>1</subfield>
    </datafield>
    <datafield ind1=' ' ind2=' ' tag='945'>
      <subfield code='l'>kstk </subfield>
      <subfield code='u'>v.1946-49</subfield>
      <subfield code='g'>1</subfield>
    </datafield>
    <datafield ind1=' ' ind2=' ' tag='945'>
      <subfield code='l'>kstk </subfield>
      <subfield code='u'>v.no.4410-12</subfield>
      <subfield code='g'>1</subfield>
    </datafield>
    <datafield ind1=' ' ind2=' ' tag='945'>
      <subfield code='l'>kstk </subfield>
      <subfield code='u'>v.no.4501-15,4517</subfield>
      <subfield code='g'>1</subfield>
    </datafield>
    <datafield ind1=' ' ind2=' ' tag='945'>
      <subfield code='l'>kstk </subfield>
      <subfield code='u'>v.no.4601-09</subfield>
      <subfield code='g'>1</subfield>
    </datafield>
    <datafield ind1=' ' ind2=' ' tag='945'>
      <subfield code='l'>kstk </subfield>
      <subfield code='u'>v.no.4708-09</subfield>
      <subfield code='g'>1</subfield>
    </datafield>
    <datafield ind1=' ' ind2=' ' tag='945'>
      <subfield code='l'>kstk </subfield>
      <subfield code='u'>v.no.5904</subfield>
      <subfield code='g'>1</subfield>
    </datafield>
    <datafield ind1=' ' ind2=' ' tag='998'>
      <subfield code='b'>7</subfield>
      <subfield code='c'>051225</subfield>
      <subfield code='d'>s</subfield>
      <subfield code='e'>a</subfield>
      <subfield code='f'>-</subfield>
      <subfield code='g'>0</subfield>
    </datafield>
  </record>