
  <record>
    <leader>01148cam a22003610  4500</leader>
    <controlfield tag='001'>991012036199703811</controlfield>
    <controlfield tag='008'>781222s1979    nyua          00010 eng  </controlfield>
    <datafield ind1=' ' ind2=' ' tag='010'>
      <subfield code='a'>78031639</subfield>
    </datafield>
    <datafield ind1=' ' ind2=' ' tag='020'>
      <subfield code='a'>0810909030</subfield>
    </datafield>
    <datafield ind1=' ' ind2=' ' tag='035'>
      <subfield code='a'>(PPT)b12498488-01tuli_inst</subfield>
    </datafield>
    <datafield ind1=' ' ind2=' ' tag='035'>
      <subfield code='a'>ocn471184913</subfield>
      <subfield code='9'>ExL</subfield>
    </datafield>
    <datafield ind1=' ' ind2=' ' tag='035'>
      <subfield code='a'>PATG04549896B</subfield>
    </datafield>
    <datafield ind1=' ' ind2=' ' tag='040'>
      <subfield code='a'>DLC</subfield>
      <subfield code='c'>DLC</subfield>
      <subfield code='d'>PPT</subfield>
    </datafield>
    <datafield ind1='1' ind2=' ' tag='041'>
      <subfield code='a'>engger</subfield>
    </datafield>
    <datafield ind1=' ' ind2=' ' tag='079'>
      <subfield code='a'>ocm04549896</subfield>
    </datafield>
    <datafield ind1=' ' ind2=' ' tag='090'>
      <subfield code='a'>NC245.F8A4 1979</subfield>
    </datafield>
    <datafield ind1='1' ind2='0' tag='100'>
      <subfield code='a'>Fuchs, Ernst,</subfield>
      <subfield code='d'>1930-2015</subfield>
    </datafield>
    <datafield ind1='0' ind2='0' tag='240'>
      <subfield code='a'>Fuchs über Ernst Fuchs. English</subfield>
    </datafield>
    <datafield ind1='1' ind2='0' tag='245'>
      <subfield code='a'>Ernst Fuchs /</subfield>
      <subfield code='c'>introd. by Marcel Brion ; translated by Sophie Wilkins ; [editor, Bitita Vinklers].</subfield>
    </datafield>
    <datafield ind1=' ' ind2=' ' tag='260'>
      <subfield code='a'>New York :</subfield>
      <subfield code='b'>H. N. Abrams,</subfield>
      <subfield code='c'>1979.</subfield>
    </datafield>
    <datafield ind1=' ' ind2=' ' tag='300'>
      <subfield code='a'>230 p. :</subfield>
      <subfield code='b'>ill. (some col.) ;</subfield>
      <subfield code='c'>31 cm.</subfield>
    </datafield>
    <datafield ind1=' ' ind2=' ' tag='500'>
      <subfield code='a'>Translation of Fuchs über Ernst Fuchs.</subfield>
    </datafield>
    <datafield ind1='1' ind2='0' tag='600'>
      <subfield code='a'>Fuchs, Ernst,</subfield>
      <subfield code='d'>1930-2015</subfield>
    </datafield>
    <datafield ind1='1' ind2='0' tag='700'>
      <subfield code='a'>Vinklers, Bitita.</subfield>
    </datafield>
    <datafield ind1='0' ind2=' ' tag='852'>
      <subfield code='8'>22225819370003811</subfield>
      <subfield code='b'>MAIN</subfield>
      <subfield code='c'>remote</subfield>
      <subfield code='h'> NC245.F8A4 1979 </subfield>
    </datafield>
    <datafield ind1='0' ind2=' ' tag='852'>
      <subfield code='8'>2289071490003811</subfield>
      <subfield code='b'>MAIN</subfield>
      <subfield code='c'>stacks</subfield>
      <subfield code='h'>NC245.F8A4 1979</subfield>
    </datafield>
    <datafield ind1=' ' ind2=' ' tag='902'>
      <subfield code='a'>160106</subfield>
    </datafield>
    <datafield ind1=' ' ind2=' ' tag='907'>
      <subfield code='a'>.b12498488</subfield>
      <subfield code='b'>multi</subfield>
      <subfield code='c'>-</subfield>
    </datafield>
    <datafield ind1=' ' ind2=' ' tag='935'>
      <subfield code='a'>00266813</subfield>
    </datafield>
    <datafield ind1=' ' ind2=' ' tag='945'>
      <subfield code='l'>kstk </subfield>
      <subfield code='g'>1</subfield>
    </datafield>
    <datafield ind1=' ' ind2=' ' tag='945'>
      <subfield code='l'>pstk </subfield>
      <subfield code='g'>1</subfield>
    </datafield>
    <datafield ind1=' ' ind2=' ' tag='950'>
      <subfield code='l'>P</subfield>
      <subfield code='i'>09/14/83 C</subfield>
      <subfield code='h'>01/01/01 N</subfield>
    </datafield>
    <datafield ind1=' ' ind2=' ' tag='950'>
      <subfield code='l'>TYL</subfield>
      <subfield code='i'>09/14/83 C</subfield>
    </datafield>
    <datafield ind1=' ' ind2=' ' tag='955'>
      <subfield code='l'>P</subfield>
      <subfield code='u'>c=1 [1188502]</subfield>
      <subfield code='i'>09/14/83 C</subfield>
    </datafield>
    <datafield ind1=' ' ind2=' ' tag='955'>
      <subfield code='l'>TYL</subfield>
      <subfield code='i'>09/14/83 C</subfield>
    </datafield>
    <datafield ind1=' ' ind2=' ' tag='998'>
      <subfield code='b'>2</subfield>
      <subfield code='c'>990101</subfield>
      <subfield code='d'>m</subfield>
      <subfield code='e'>a</subfield>
      <subfield code='f'>-</subfield>
      <subfield code='g'>0</subfield>
    </datafield>
    <datafield ind1=' ' ind2=' ' tag='998'>
      <subfield code='a'>09/14/83</subfield>
      <subfield code='t'>c</subfield>
      <subfield code='s'>9115</subfield>
      <subfield code='n'>PPT</subfield>
      <subfield code='w'>OHCA13465660B</subfield>
      <subfield code='d'>05/24/83</subfield>
      <subfield code='c'>LMB</subfield>
      <subfield code='b'>BK</subfield>
      <subfield code='i'>830914</subfield>
      <subfield code='l'>PATG</subfield>
    </datafield>
  </record>