
  <record>
    <leader>01204cam a2200361Ia 4500</leader>
    <controlfield tag='001'>991012037889703811</controlfield>
    <controlfield tag='005'>20080228153829.0</controlfield>
    <controlfield tag='008'>010305s2000    scuac    b    000 0 eng d</controlfield>
    <datafield ind1=' ' ind2=' ' tag='020'>
      <subfield code='a'>0738505544</subfield>
    </datafield>
    <datafield ind1=' ' ind2=' ' tag='020'>
      <subfield code='a'>9780738505541</subfield>
    </datafield>
    <datafield ind1=' ' ind2=' ' tag='035'>
      <subfield code='a'>(PPT)b29704108-01tuli_inst</subfield>
    </datafield>
    <datafield ind1=' ' ind2=' ' tag='035'>
      <subfield code='a'>(OCoLC)ocn490855520</subfield>
      <subfield code='9'>ExL</subfield>
    </datafield>
    <datafield ind1=' ' ind2=' ' tag='035'>
      <subfield code='a'>(OCoLC)46367480</subfield>
    </datafield>
    <datafield ind1=' ' ind2=' ' tag='035'>
      <subfield code='a'>46367480</subfield>
    </datafield>
    <datafield ind1=' ' ind2=' ' tag='040'>
      <subfield code='a'>NXW</subfield>
      <subfield code='c'>NXW</subfield>
      <subfield code='d'>OCLCQ</subfield>
      <subfield code='d'>BAKER</subfield>
    </datafield>
    <datafield ind1=' ' ind2=' ' tag='043'>
      <subfield code='a'>n-us-ga</subfield>
    </datafield>
    <datafield ind1=' ' ind2=' ' tag='079'>
      <subfield code='a'>ocm46367480</subfield>
    </datafield>
    <datafield ind1=' ' ind2=' ' tag='090'>
      <subfield code='a'>LC2781</subfield>
      <subfield code='b'>.C63 2000</subfield>
    </datafield>
    <datafield ind1='1' ind2=' ' tag='100'>
      <subfield code='a'>Cohen, Rodney T.</subfield>
    </datafield>
    <datafield ind1='1' ind2='4' tag='245'>
      <subfield code='a'>The black colleges of Atlanta /</subfield>
      <subfield code='c'>Rodney T. Cohen.</subfield>
    </datafield>
    <datafield ind1=' ' ind2=' ' tag='260'>
      <subfield code='a'>Charleston, S.C. :</subfield>
      <subfield code='b'>Arcadia Pub.,</subfield>
      <subfield code='c'>c2000.</subfield>
    </datafield>
    <datafield ind1=' ' ind2=' ' tag='300'>
      <subfield code='a'>[128] p. :</subfield>
      <subfield code='b'>chiefly ill., ports. ;</subfield>
      <subfield code='c'>24 cm.</subfield>
    </datafield>
    <datafield ind1=' ' ind2='4' tag='440'>
      <subfield code='a'>The College history series.</subfield>
    </datafield>
    <datafield ind1=' ' ind2=' ' tag='504'>
      <subfield code='a'>Includes bibliographical references (p. [128]).</subfield>
    </datafield>
    <datafield ind1='2' ind2='0' tag='610'>
      <subfield code='a'>Atlanta University</subfield>
      <subfield code='x'>History</subfield>
      <subfield code='v'>Pictorial works.</subfield>
    </datafield>
    <datafield ind1='2' ind2='0' tag='610'>
      <subfield code='a'>Clark College</subfield>
      <subfield code='x'>History</subfield>
      <subfield code='v'>Pictorial works.</subfield>
    </datafield>
    <datafield ind1='2' ind2='0' tag='610'>
      <subfield code='a'>Morehouse College (Atlanta, Ga.)</subfield>
      <subfield code='x'>History</subfield>
      <subfield code='v'>Pictorial works.</subfield>
    </datafield>
    <datafield ind1='2' ind2='0' tag='610'>
      <subfield code='a'>Spelman College</subfield>
      <subfield code='x'>History</subfield>
      <subfield code='v'>Pictorial works.</subfield>
    </datafield>
    <datafield ind1=' ' ind2='0' tag='650'>
      <subfield code='a'>African American universities and colleges</subfield>
      <subfield code='v'>Pictorial works.</subfield>
    </datafield>
    <datafield ind1=' ' ind2=' ' tag='902'>
      <subfield code='a'>151204</subfield>
    </datafield>
    <datafield ind1=' ' ind2=' ' tag='907'>
      <subfield code='a'>.b29704108</subfield>
      <subfield code='b'>p    </subfield>
      <subfield code='c'>-</subfield>
    </datafield>
    <datafield ind1=' ' ind2=' ' tag='945'>
      <subfield code='l'>pstk </subfield>
      <subfield code='g'>1</subfield>
    </datafield>
    <datafield ind1=' ' ind2=' ' tag='998'>
      <subfield code='b'>0</subfield>
      <subfield code='c'>080228</subfield>
      <subfield code='d'>m</subfield>
      <subfield code='e'>a</subfield>
      <subfield code='f'>-</subfield>
      <subfield code='g'>4</subfield>
    </datafield>
    <datafield ind1=' ' ind2=' ' tag='998'>
      <subfield code='a'>02/28/08</subfield>
      <subfield code='s'>OCLC</subfield>
      <subfield code='c'>CDC</subfield>
    </datafield>
  </record>