
  <record>
    <leader>01548nam a2200397 a 4500</leader>
    <controlfield tag='001'>991012041239703811</controlfield>
    <controlfield tag='005'>20051222073929.0</controlfield>
    <controlfield tag='008'>050517s2005    scua          000 0deng d</controlfield>
    <datafield ind1=' ' ind2=' ' tag='010'>
      <subfield code='a'>2005927685</subfield>
    </datafield>
    <datafield ind1=' ' ind2=' ' tag='020'>
      <subfield code='a'>0738518034 (pbk.)</subfield>
    </datafield>
    <datafield ind1=' ' ind2=' ' tag='020'>
      <subfield code='a'>9780738518039 (pbk.)</subfield>
    </datafield>
    <datafield ind1=' ' ind2=' ' tag='035'>
      <subfield code='a'>(PPT)b29704923-01tuli_inst</subfield>
    </datafield>
    <datafield ind1=' ' ind2=' ' tag='035'>
      <subfield code='a'>(CStRLIN)ocn490856317</subfield>
      <subfield code='9'>ExL</subfield>
    </datafield>
    <datafield ind1=' ' ind2=' ' tag='035'>
      <subfield code='a'>PPTb29704923</subfield>
    </datafield>
    <datafield ind1=' ' ind2=' ' tag='040'>
      <subfield code='a'>NCS</subfield>
      <subfield code='c'>NCS</subfield>
      <subfield code='d'>BAKER</subfield>
      <subfield code='d'>DLC</subfield>
    </datafield>
    <datafield ind1=' ' ind2=' ' tag='042'>
      <subfield code='a'>lccopycat</subfield>
    </datafield>
    <datafield ind1=' ' ind2=' ' tag='043'>
      <subfield code='a'>n-us-nc</subfield>
    </datafield>
    <datafield ind1=' ' ind2=' ' tag='079'>
      <subfield code='a'>ocm62118053</subfield>
    </datafield>
    <datafield ind1=' ' ind2=' ' tag='090'>
      <subfield code='a'>F264.S68</subfield>
      <subfield code='b'>R39 2005</subfield>
    </datafield>
    <datafield ind1='1' ind2=' ' tag='100'>
      <subfield code='a'>Redford, Dorothy Spruill.</subfield>
    </datafield>
    <datafield ind1='1' ind2='0' tag='245'>
      <subfield code='a'>Generations of Somerset Place :</subfield>
      <subfield code='b'>from slavery to freedom /</subfield>
      <subfield code='c'>Dorothy Spruill Redford.</subfield>
    </datafield>
    <datafield ind1=' ' ind2=' ' tag='260'>
      <subfield code='a'>Charleston, SC :</subfield>
      <subfield code='b'>Arcadia,</subfield>
      <subfield code='c'>c2005.</subfield>
    </datafield>
    <datafield ind1=' ' ind2=' ' tag='300'>
      <subfield code='a'>128 p. :</subfield>
      <subfield code='b'>chiefly ill., ports. ;</subfield>
      <subfield code='c'>24 cm.</subfield>
    </datafield>
    <datafield ind1=' ' ind2='0' tag='440'>
      <subfield code='a'>Images of America.</subfield>
    </datafield>
    <datafield ind1=' ' ind2='0' tag='651'>
      <subfield code='a'>Somerset Place (N.C.)</subfield>
      <subfield code='v'>Biography</subfield>
      <subfield code='v'>Pictorial works.</subfield>
    </datafield>
    <datafield ind1=' ' ind2='0' tag='650'>
      <subfield code='a'>African Americans</subfield>
      <subfield code='z'>North Carolina</subfield>
      <subfield code='z'>Somerset Place</subfield>
      <subfield code='v'>Biography</subfield>
      <subfield code='v'>Pictorial works.</subfield>
    </datafield>
    <datafield ind1=' ' ind2='0' tag='650'>
      <subfield code='a'>Freedmen</subfield>
      <subfield code='z'>North Carolina</subfield>
      <subfield code='z'>Somerset Place</subfield>
      <subfield code='v'>Biography</subfield>
      <subfield code='v'>Pictorial works.</subfield>
    </datafield>
    <datafield ind1=' ' ind2='0' tag='650'>
      <subfield code='a'>Plantation owners</subfield>
      <subfield code='z'>North Carolina</subfield>
      <subfield code='z'>Somerset Place</subfield>
      <subfield code='v'>Biography</subfield>
      <subfield code='v'>Pictorial works.</subfield>
    </datafield>
    <datafield ind1=' ' ind2='0' tag='650'>
      <subfield code='a'>Slaveholders</subfield>
      <subfield code='z'>North Carolina</subfield>
      <subfield code='z'>Somerset Place</subfield>
      <subfield code='v'>Biography</subfield>
      <subfield code='v'>Pictorial works.</subfield>
    </datafield>
    <datafield ind1=' ' ind2='0' tag='650'>
      <subfield code='a'>African Americans</subfield>
      <subfield code='z'>North Carolina</subfield>
      <subfield code='z'>Somerset Place</subfield>
      <subfield code='x'>History</subfield>
      <subfield code='v'>Pictorial works.</subfield>
    </datafield>
    <datafield ind1=' ' ind2='0' tag='651'>
      <subfield code='a'>Somerset Place (N.C.)</subfield>
      <subfield code='x'>History</subfield>
      <subfield code='v'>Pictorial works.</subfield>
    </datafield>
    <datafield ind1=' ' ind2=' ' tag='902'>
      <subfield code='a'>110512</subfield>
    </datafield>
    <datafield ind1=' ' ind2=' ' tag='907'>
      <subfield code='a'>.b29704923</subfield>
      <subfield code='b'>p    </subfield>
      <subfield code='c'>-</subfield>
    </datafield>
    <datafield ind1=' ' ind2=' ' tag='945'>
      <subfield code='l'>pstk </subfield>
      <subfield code='g'>1</subfield>
    </datafield>
    <datafield ind1=' ' ind2=' ' tag='952'>
      <subfield code='a'>DCLC2005927685-B</subfield>
      <subfield code='b'>Library of Congress</subfield>
      <subfield code='h'>Full</subfield>
      <subfield code='i'>LCC</subfield>
      <subfield code='n'>DLC</subfield>
      <subfield code='r'>CAT</subfield>
      <subfield code='u'>20051220</subfield>
    </datafield>
    <datafield ind1=' ' ind2=' ' tag='998'>
      <subfield code='b'>0</subfield>
      <subfield code='c'>060220</subfield>
      <subfield code='d'>m</subfield>
      <subfield code='e'>a</subfield>
      <subfield code='f'>-</subfield>
      <subfield code='g'>0</subfield>
    </datafield>
    <datafield ind1=' ' ind2=' ' tag='998'>
      <subfield code='a'>02/20/06</subfield>
      <subfield code='s'>LC</subfield>
      <subfield code='c'>AT</subfield>
    </datafield>
  </record>