
  <record>
    <leader>00979cam a2200325Ka 4500</leader>
    <controlfield tag='001'>991012044259703811</controlfield>
    <controlfield tag='005'>20080402105339.0</controlfield>
    <controlfield tag='008'>021218s2002    scua   e      000 0 eng d</controlfield>
    <datafield ind1=' ' ind2=' ' tag='010'>
      <subfield code='a'>2002106584</subfield>
    </datafield>
    <datafield ind1=' ' ind2=' ' tag='020'>
      <subfield code='a'>073851067X</subfield>
    </datafield>
    <datafield ind1=' ' ind2=' ' tag='020'>
      <subfield code='a'>9780738510675</subfield>
    </datafield>
    <datafield ind1=' ' ind2=' ' tag='035'>
      <subfield code='a'>(PPT)b29705630-01tuli_inst</subfield>
    </datafield>
    <datafield ind1=' ' ind2=' ' tag='035'>
      <subfield code='a'>(OCoLC)ocn490856585</subfield>
      <subfield code='9'>ExL</subfield>
    </datafield>
    <datafield ind1=' ' ind2=' ' tag='035'>
      <subfield code='a'>(OCoLC)51244947</subfield>
    </datafield>
    <datafield ind1=' ' ind2=' ' tag='035'>
      <subfield code='a'>51244947</subfield>
    </datafield>
    <datafield ind1=' ' ind2=' ' tag='040'>
      <subfield code='a'>CMI</subfield>
      <subfield code='c'>CMI</subfield>
      <subfield code='d'>OCLCQ</subfield>
      <subfield code='d'>BAKER</subfield>
    </datafield>
    <datafield ind1=' ' ind2=' ' tag='043'>
      <subfield code='a'>n-us-ny</subfield>
    </datafield>
    <datafield ind1=' ' ind2=' ' tag='079'>
      <subfield code='a'>ocm51244947</subfield>
    </datafield>
    <datafield ind1=' ' ind2=' ' tag='090'>
      <subfield code='a'>E185.93.N56</subfield>
      <subfield code='b'>D66 2002</subfield>
    </datafield>
    <datafield ind1='1' ind2=' ' tag='100'>
      <subfield code='a'>Domatob, Jerry.</subfield>
    </datafield>
    <datafield ind1='1' ind2='0' tag='245'>
      <subfield code='a'>African Americans of western Long Island /</subfield>
      <subfield code='c'>Jerry Komia Domatob.</subfield>
    </datafield>
    <datafield ind1=' ' ind2=' ' tag='260'>
      <subfield code='a'>Charleston, S.C. :</subfield>
      <subfield code='b'>Arcadia,</subfield>
      <subfield code='c'>c2002.</subfield>
    </datafield>
    <datafield ind1=' ' ind2=' ' tag='300'>
      <subfield code='a'>128 p. :</subfield>
      <subfield code='b'>ill. ;</subfield>
      <subfield code='c'>24 cm.</subfield>
    </datafield>
    <datafield ind1=' ' ind2='0' tag='440'>
      <subfield code='a'>Black America series.</subfield>
    </datafield>
    <datafield ind1=' ' ind2='0' tag='650'>
      <subfield code='a'>African Americans</subfield>
      <subfield code='z'>New York (State)</subfield>
      <subfield code='z'>Long Island</subfield>
      <subfield code='x'>History</subfield>
      <subfield code='v'>Pictorial works.</subfield>
    </datafield>
    <datafield ind1=' ' ind2='0' tag='651'>
      <subfield code='a'>Long Island (N.Y.)</subfield>
      <subfield code='x'>History</subfield>
      <subfield code='v'>Pictorial works.</subfield>
    </datafield>
    <datafield ind1=' ' ind2=' ' tag='902'>
      <subfield code='a'>160721</subfield>
    </datafield>
    <datafield ind1=' ' ind2=' ' tag='907'>
      <subfield code='a'>.b29705630</subfield>
      <subfield code='b'>p    </subfield>
      <subfield code='c'>-</subfield>
    </datafield>
    <datafield ind1=' ' ind2=' ' tag='945'>
      <subfield code='l'>pstk </subfield>
      <subfield code='g'>1</subfield>
    </datafield>
    <datafield ind1=' ' ind2=' ' tag='998'>
      <subfield code='b'>0</subfield>
      <subfield code='c'>080402</subfield>
      <subfield code='d'>m</subfield>
      <subfield code='e'>a</subfield>
      <subfield code='f'>-</subfield>
      <subfield code='g'>0</subfield>
    </datafield>
    <datafield ind1=' ' ind2=' ' tag='998'>
      <subfield code='a'>04/02/08</subfield>
      <subfield code='s'>OCLC</subfield>
      <subfield code='c'>DG </subfield>
    </datafield>
  </record>