
  <record>
    <leader>00930pam a2200337 a 4500</leader>
    <controlfield tag='001'>991012045409703811</controlfield>
    <controlfield tag='005'>19940323000000.0</controlfield>
    <controlfield tag='008'>930506s1994    xxu||||  |||| 00||0|eng d</controlfield>
    <datafield ind1=' ' ind2=' ' tag='010'>
      <subfield code='a'>93-13823</subfield>
    </datafield>
    <datafield ind1=' ' ind2=' ' tag='020'>
      <subfield code='a'>0683073605</subfield>
    </datafield>
    <datafield ind1=' ' ind2=' ' tag='035'>
      <subfield code='a'>(PPT)b2102523x-01tuli_inst</subfield>
    </datafield>
    <datafield ind1=' ' ind2=' ' tag='035'>
      <subfield code='a'>(DNLM)9308048     </subfield>
      <subfield code='9'>ExL</subfield>
    </datafield>
    <datafield ind1=' ' ind2=' ' tag='040'>
      <subfield code='a'>DNLM</subfield>
      <subfield code='c'>DNLM</subfield>
      <subfield code='d'>DNLM</subfield>
    </datafield>
    <datafield ind1=' ' ind2=' ' tag='040'>
      <subfield code='c'>Charles E. Krausz Library</subfield>
    </datafield>
    <datafield ind1=' ' ind2=' ' tag='049'>
      <subfield code='d'>19940221</subfield>
      <subfield code='v'>1</subfield>
    </datafield>
    <datafield ind1=' ' ind2=' ' tag='096'>
      <subfield code='a'>WE103 H918855 1994</subfield>
    </datafield>
    <datafield ind1='0' ind2='0' tag='245'>
      <subfield code='a'>Human walking /</subfield>
      <subfield code='c'>edited by Jessica Rose, James G. Gamble.</subfield>
    </datafield>
    <datafield ind1=' ' ind2=' ' tag='250'>
      <subfield code='a'>2nd ed.</subfield>
    </datafield>
    <datafield ind1=' ' ind2=' ' tag='260'>
      <subfield code='a'>Baltimore :</subfield>
      <subfield code='b'>Williams &amp; Wilkins,</subfield>
      <subfield code='c'>c1994.</subfield>
    </datafield>
    <datafield ind1=' ' ind2=' ' tag='300'>
      <subfield code='a'>xvii, 263 p. :</subfield>
      <subfield code='b'>ill., ports.</subfield>
    </datafield>
    <datafield ind1=' ' ind2=' ' tag='504'>
      <subfield code='a'>Includes bibliographical references and index.</subfield>
    </datafield>
    <datafield ind1='2' ind2='2' tag='650'>
      <subfield code='a'>Biomechanics.</subfield>
    </datafield>
    <datafield ind1='2' ind2='2' tag='650'>
      <subfield code='a'>Gait.</subfield>
    </datafield>
    <datafield ind1='1' ind2='2' tag='650'>
      <subfield code='a'>Locomotion.</subfield>
    </datafield>
    <datafield ind1='1' ind2='2' tag='650'>
      <subfield code='a'>Walking.</subfield>
    </datafield>
    <datafield ind1='1' ind2='1' tag='700'>
      <subfield code='a'>Rose, Jessica.</subfield>
    </datafield>
    <datafield ind1='1' ind2='1' tag='700'>
      <subfield code='a'>Gamble, James Gibson.</subfield>
    </datafield>
    <datafield ind1='2' ind2=' ' tag='852'>
      <subfield code='8'>22111067490003811</subfield>
      <subfield code='b'>PODIATRY</subfield>
      <subfield code='c'>stacks</subfield>
      <subfield code='h'>WE103 H918855 1994</subfield>
    </datafield>
    <datafield ind1=' ' ind2=' ' tag='902'>
      <subfield code='a'>071012</subfield>
    </datafield>
    <datafield ind1=' ' ind2=' ' tag='907'>
      <subfield code='a'>.b2102523x</subfield>
      <subfield code='b'>hp   </subfield>
      <subfield code='c'>-</subfield>
    </datafield>
    <datafield ind1=' ' ind2=' ' tag='935'>
      <subfield code='a'>(CD )30712447</subfield>
    </datafield>
    <datafield ind1=' ' ind2=' ' tag='945'>
      <subfield code='l'>hpbst</subfield>
      <subfield code='g'>1</subfield>
    </datafield>
    <datafield ind1=' ' ind2=' ' tag='998'>
      <subfield code='b'>1</subfield>
      <subfield code='c'>000101</subfield>
      <subfield code='d'>m</subfield>
      <subfield code='e'>a</subfield>
      <subfield code='f'>-</subfield>
      <subfield code='g'>0</subfield>
    </datafield>
  </record>