
  <record>
    <leader>00937ccm a2200301 a 4500</leader>
    <controlfield tag='001'>991012047209703811</controlfield>
    <controlfield tag='005'>20070709085357.0</controlfield>
    <controlfield tag='008'>051026s200u    enkmra         n    zxx d</controlfield>
    <datafield ind1=' ' ind2=' ' tag='035'>
      <subfield code='a'>(PPT)b29706300-01tuli_inst</subfield>
    </datafield>
    <datafield ind1=' ' ind2=' ' tag='035'>
      <subfield code='a'>(OCoLC)ocn490856902</subfield>
      <subfield code='9'>ExL</subfield>
    </datafield>
    <datafield ind1=' ' ind2=' ' tag='035'>
      <subfield code='a'>62157382</subfield>
    </datafield>
    <datafield ind1=' ' ind2=' ' tag='040'>
      <subfield code='a'>ZJS</subfield>
      <subfield code='c'>ZJS</subfield>
      <subfield code='d'>RES</subfield>
      <subfield code='d'>PPT</subfield>
    </datafield>
    <datafield ind1=' ' ind2=' ' tag='048'>
      <subfield code='a'>sa01</subfield>
      <subfield code='a'>sc01</subfield>
      <subfield code='a'>ka01</subfield>
    </datafield>
    <datafield ind1=' ' ind2=' ' tag='079'>
      <subfield code='a'>ocm62157382</subfield>
    </datafield>
    <datafield ind1=' ' ind2=' ' tag='090'>
      <subfield code='a'>M312.M386</subfield>
      <subfield code='b'>M373x 2000</subfield>
    </datafield>
    <datafield ind1='1' ind2=' ' tag='100'>
      <subfield code='a'>Matthews, Colin.</subfield>
    </datafield>
    <datafield ind1='0' ind2='0' tag='245'>
      <subfield code='a'>March /</subfield>
      <subfield code='c'>Colin Matthews.</subfield>
    </datafield>
    <datafield ind1=' ' ind2=' ' tag='260'>
      <subfield code='a'>London :</subfield>
      <subfield code='b'>British Music Information Centre,</subfield>
      <subfield code='c'>[200-]</subfield>
    </datafield>
    <datafield ind1=' ' ind2=' ' tag='300'>
      <subfield code='a'>1 score (4 p.) + 2 parts ;</subfield>
      <subfield code='c'>30 cm.</subfield>
    </datafield>
    <datafield ind1=' ' ind2=' ' tag='500'>
      <subfield code='a'>For violin, violoncello and piano.</subfield>
    </datafield>
    <datafield ind1=' ' ind2=' ' tag='500'>
      <subfield code='a'>&quot;Chamber Music 2000, commissioned by the Schubert Ensemble&quot;--Cover.</subfield>
    </datafield>
    <datafield ind1=' ' ind2='0' tag='650'>
      <subfield code='a'>Marches (Piano trio)</subfield>
      <subfield code='v'>Scores and parts.</subfield>
    </datafield>
    <datafield ind1=' ' ind2='0' tag='650'>
      <subfield code='a'>Piano trios</subfield>
      <subfield code='v'>Scores and parts.</subfield>
    </datafield>
    <datafield ind1='2' ind2=' ' tag='710'>
      <subfield code='a'>Chamber Music 2000.</subfield>
    </datafield>
    <datafield ind1='0' ind2=' ' tag='852'>
      <subfield code='8'>22146427080003811</subfield>
      <subfield code='b'>MAIN</subfield>
      <subfield code='c'>stacks</subfield>
      <subfield code='h'>M312.M386</subfield>
      <subfield code='i'>M373x 2000</subfield>
    </datafield>
    <datafield ind1=' ' ind2=' ' tag='902'>
      <subfield code='a'>110512</subfield>
    </datafield>
    <datafield ind1=' ' ind2=' ' tag='907'>
      <subfield code='a'>.b29706300</subfield>
      <subfield code='b'>p    </subfield>
      <subfield code='c'>-</subfield>
    </datafield>
    <datafield ind1=' ' ind2=' ' tag='945'>
      <subfield code='l'>pstk </subfield>
      <subfield code='g'>1</subfield>
    </datafield>
    <datafield ind1=' ' ind2=' ' tag='998'>
      <subfield code='b'>0</subfield>
      <subfield code='c'>070709</subfield>
      <subfield code='d'>m</subfield>
      <subfield code='e'>c</subfield>
      <subfield code='f'>-</subfield>
      <subfield code='g'>0</subfield>
    </datafield>
    <datafield ind1=' ' ind2=' ' tag='998'>
      <subfield code='a'>07/09/07</subfield>
      <subfield code='s'>OCLC</subfield>
      <subfield code='c'>cep </subfield>
    </datafield>
  </record>