
  <record>
    <leader>00869pam a2200289 a 4500</leader>
    <controlfield tag='001'>991012047419703811</controlfield>
    <controlfield tag='005'>19940527000000.0</controlfield>
    <controlfield tag='008'>930603s1994    xxu||||  |||| 00||0|eng d</controlfield>
    <datafield ind1=' ' ind2=' ' tag='010'>
      <subfield code='a'>93-25389</subfield>
    </datafield>
    <datafield ind1=' ' ind2=' ' tag='020'>
      <subfield code='a'>0721638031</subfield>
    </datafield>
    <datafield ind1=' ' ind2=' ' tag='035'>
      <subfield code='a'>(PPT)b21025745-01tuli_inst</subfield>
    </datafield>
    <datafield ind1=' ' ind2=' ' tag='035'>
      <subfield code='a'>(DNLM)9309718     </subfield>
      <subfield code='9'>ExL</subfield>
    </datafield>
    <datafield ind1=' ' ind2=' ' tag='040'>
      <subfield code='a'>DNLM</subfield>
      <subfield code='c'>DNLM</subfield>
      <subfield code='d'>DNLM</subfield>
    </datafield>
    <datafield ind1=' ' ind2=' ' tag='040'>
      <subfield code='c'>Charles E. Krausz Library</subfield>
    </datafield>
    <datafield ind1=' ' ind2=' ' tag='049'>
      <subfield code='d'>19940513</subfield>
      <subfield code='v'>1</subfield>
    </datafield>
    <datafield ind1=' ' ind2=' ' tag='096'>
      <subfield code='a'>WR140 H15 1994</subfield>
    </datafield>
    <datafield ind1='0' ind2='0' tag='245'>
      <subfield code='a'>Handbook of genetic skin disorders /</subfield>
      <subfield code='c'>Fred M. Novice ... [et al.].</subfield>
    </datafield>
    <datafield ind1=' ' ind2=' ' tag='260'>
      <subfield code='a'>Philadelphia :</subfield>
      <subfield code='b'>W.B. Saunders Co.,</subfield>
      <subfield code='c'>c1994.</subfield>
    </datafield>
    <datafield ind1=' ' ind2=' ' tag='300'>
      <subfield code='a'>xvi, 694 p., [4] p. of plates :</subfield>
      <subfield code='b'>ill.</subfield>
    </datafield>
    <datafield ind1=' ' ind2=' ' tag='504'>
      <subfield code='a'>Includes bibliographical references and index.</subfield>
    </datafield>
    <datafield ind1='1' ind2='2' tag='650'>
      <subfield code='a'>Skin Diseases</subfield>
      <subfield code='x'>genetics.</subfield>
    </datafield>
    <datafield ind1='2' ind2='2' tag='650'>
      <subfield code='a'>Skin Diseases</subfield>
      <subfield code='x'>physiopathology.</subfield>
    </datafield>
    <datafield ind1='1' ind2='1' tag='700'>
      <subfield code='a'>Novice, Fred M.</subfield>
    </datafield>
    <datafield ind1='2' ind2=' ' tag='852'>
      <subfield code='8'>22110957740003811</subfield>
      <subfield code='b'>PODIATRY</subfield>
      <subfield code='c'>stacks</subfield>
      <subfield code='h'>WR140 H15 1994</subfield>
    </datafield>
    <datafield ind1=' ' ind2=' ' tag='902'>
      <subfield code='a'>011227</subfield>
    </datafield>
    <datafield ind1=' ' ind2=' ' tag='907'>
      <subfield code='a'>.b21025745</subfield>
      <subfield code='b'>hp   </subfield>
      <subfield code='c'>-</subfield>
    </datafield>
    <datafield ind1=' ' ind2=' ' tag='935'>
      <subfield code='a'>(CD )30712567</subfield>
    </datafield>
    <datafield ind1=' ' ind2=' ' tag='945'>
      <subfield code='l'>hpbst</subfield>
      <subfield code='g'>1</subfield>
    </datafield>
    <datafield ind1=' ' ind2=' ' tag='998'>
      <subfield code='b'>1</subfield>
      <subfield code='c'>000101</subfield>
      <subfield code='d'>m</subfield>
      <subfield code='e'>a</subfield>
      <subfield code='f'>-</subfield>
      <subfield code='g'>0</subfield>
    </datafield>
  </record>