
  <record>
    <leader>01278nam a22003250  4500</leader>
    <controlfield tag='001'>991012050949703811</controlfield>
    <controlfield tag='008'>830916s1983    gw a     b    10000 eng  </controlfield>
    <datafield ind1=' ' ind2=' ' tag='010'>
      <subfield code='a'>83006677</subfield>
    </datafield>
    <datafield ind1=' ' ind2=' ' tag='020'>
      <subfield code='a'>0387123105</subfield>
    </datafield>
    <datafield ind1=' ' ind2=' ' tag='035'>
      <subfield code='a'>(PPT)b12501499-01tuli_inst</subfield>
    </datafield>
    <datafield ind1=' ' ind2=' ' tag='035'>
      <subfield code='a'>ocn471185272</subfield>
      <subfield code='9'>ExL</subfield>
    </datafield>
    <datafield ind1=' ' ind2=' ' tag='035'>
      <subfield code='a'>PATG83-B29309</subfield>
    </datafield>
    <datafield ind1=' ' ind2=' ' tag='040'>
      <subfield code='d'>CSt</subfield>
    </datafield>
    <datafield ind1=' ' ind2=' ' tag='079'>
      <subfield code='a'>ocm09556670</subfield>
    </datafield>
    <datafield ind1=' ' ind2=' ' tag='090'>
      <subfield code='a'>QA76.L43x v.153</subfield>
    </datafield>
    <datafield ind1='0' ind2='0' tag='245'>
      <subfield code='a'>Graph-grammars and their application to computer science :</subfield>
      <subfield code='b'>2nd international workshop, Haus Ohrbeck, Germany, October 4-8, 1982 /</subfield>
      <subfield code='c'>under the auspices of the European Association for Theoretical Computer Science ; edited by Hartmut Ehrig, Manfred Nagl and Grzegorz Rozenberg.</subfield>
    </datafield>
    <datafield ind1=' ' ind2=' ' tag='260'>
      <subfield code='a'>Berlin ;</subfield>
      <subfield code='a'>New York :</subfield>
      <subfield code='b'>Springer-Verlag,</subfield>
      <subfield code='c'>1983.</subfield>
    </datafield>
    <datafield ind1=' ' ind2=' ' tag='300'>
      <subfield code='a'>vii, 452 p. :</subfield>
      <subfield code='b'>ill. ;</subfield>
      <subfield code='c'>24 cm.</subfield>
    </datafield>
    <datafield ind1=' ' ind2='0' tag='440'>
      <subfield code='a'>Lecture notes in computer science ;</subfield>
      <subfield code='v'>153</subfield>
    </datafield>
    <datafield ind1=' ' ind2=' ' tag='504'>
      <subfield code='a'>Bibliography: p. [415]-448.</subfield>
    </datafield>
    <datafield ind1=' ' ind2='0' tag='650'>
      <subfield code='a'>Graph grammars</subfield>
      <subfield code='x'>Congresses.</subfield>
    </datafield>
    <datafield ind1=' ' ind2='0' tag='650'>
      <subfield code='a'>Electronic data processing</subfield>
      <subfield code='x'>Congresses.</subfield>
    </datafield>
    <datafield ind1='1' ind2='0' tag='700'>
      <subfield code='a'>Ehrig, Hartmut.</subfield>
    </datafield>
    <datafield ind1='1' ind2='0' tag='700'>
      <subfield code='a'>Nagl, Manfred,</subfield>
      <subfield code='d'>1944-</subfield>
    </datafield>
    <datafield ind1='1' ind2='0' tag='700'>
      <subfield code='a'>Rozenberg, Grzegorz.</subfield>
    </datafield>
    <datafield ind1='2' ind2='0' tag='710'>
      <subfield code='a'>European Association for Theoretical Computer Science.</subfield>
    </datafield>
    <datafield ind1='0' ind2=' ' tag='852'>
      <subfield code='8'>22225375320003811</subfield>
      <subfield code='b'>MAIN</subfield>
      <subfield code='c'>remote</subfield>
      <subfield code='h'> QA76.L43x v.153 </subfield>
    </datafield>
    <datafield ind1=' ' ind2=' ' tag='902'>
      <subfield code='a'>110708</subfield>
    </datafield>
    <datafield ind1=' ' ind2=' ' tag='907'>
      <subfield code='a'>.b12501499</subfield>
      <subfield code='b'>k    </subfield>
      <subfield code='c'>-</subfield>
    </datafield>
    <datafield ind1=' ' ind2=' ' tag='935'>
      <subfield code='a'>00267133</subfield>
    </datafield>
    <datafield ind1=' ' ind2=' ' tag='945'>
      <subfield code='l'>kstk </subfield>
      <subfield code='g'>1</subfield>
    </datafield>
    <datafield ind1=' ' ind2=' ' tag='998'>
      <subfield code='b'>1</subfield>
      <subfield code='c'>990101</subfield>
      <subfield code='d'>m</subfield>
      <subfield code='e'>a</subfield>
      <subfield code='f'>-</subfield>
      <subfield code='g'>0</subfield>
    </datafield>
    <datafield ind1=' ' ind2=' ' tag='998'>
      <subfield code='a'>09/16/83</subfield>
      <subfield code='t'>c</subfield>
      <subfield code='s'>9110</subfield>
      <subfield code='n'>PPT</subfield>
      <subfield code='w'>CSUG83B39337</subfield>
      <subfield code='d'>09/16/83</subfield>
      <subfield code='c'>LL</subfield>
      <subfield code='b'>BK</subfield>
      <subfield code='i'>830916</subfield>
      <subfield code='l'>PATG</subfield>
    </datafield>
  </record>