
  <record>
    <leader>00792cam a22002650  4500</leader>
    <controlfield tag='001'>991012058919703811</controlfield>
    <controlfield tag='008'>830920s1966    maua          00010 eng  </controlfield>
    <datafield ind1=' ' ind2=' ' tag='010'>
      <subfield code='a'>66012301</subfield>
    </datafield>
    <datafield ind1=' ' ind2=' ' tag='035'>
      <subfield code='a'>(PPT)b12503125-01tuli_inst</subfield>
    </datafield>
    <datafield ind1=' ' ind2=' ' tag='035'>
      <subfield code='a'>ocn471185470</subfield>
      <subfield code='9'>ExL</subfield>
    </datafield>
    <datafield ind1=' ' ind2=' ' tag='035'>
      <subfield code='a'>PATG83-B29534</subfield>
    </datafield>
    <datafield ind1=' ' ind2=' ' tag='040'>
      <subfield code='c'>*CCL*</subfield>
      <subfield code='d'>NBiSU</subfield>
      <subfield code='d'>CStRLIN</subfield>
      <subfield code='d'>PPT</subfield>
    </datafield>
    <datafield ind1=' ' ind2=' ' tag='079'>
      <subfield code='a'>ocm00522779</subfield>
    </datafield>
    <datafield ind1=' ' ind2=' ' tag='090'>
      <subfield code='a'>PE1417.B6 1966</subfield>
    </datafield>
    <datafield ind1='1' ind2='0' tag='100'>
      <subfield code='a'>Bork, Alfred M.</subfield>
    </datafield>
    <datafield ind1='1' ind2='0' tag='245'>
      <subfield code='a'>Science and language;</subfield>
      <subfield code='b'>selected essays,</subfield>
      <subfield code='c'>edited by Alfred M. Bork.</subfield>
    </datafield>
    <datafield ind1=' ' ind2=' ' tag='260'>
      <subfield code='a'>Boston,</subfield>
      <subfield code='b'>Heath</subfield>
      <subfield code='c'>[1966]</subfield>
    </datafield>
    <datafield ind1=' ' ind2=' ' tag='300'>
      <subfield code='a'>viii, 113 p.</subfield>
      <subfield code='b'>illus.</subfield>
      <subfield code='c'>21 cm.</subfield>
    </datafield>
    <datafield ind1='0' ind2=' ' tag='490'>
      <subfield code='a'>Uses of English</subfield>
    </datafield>
    <datafield ind1=' ' ind2='0' tag='650'>
      <subfield code='a'>English language</subfield>
      <subfield code='x'>Rhetoric.</subfield>
    </datafield>
    <datafield ind1='0' ind2=' ' tag='852'>
      <subfield code='8'>22226177760003811</subfield>
      <subfield code='b'>MAIN</subfield>
      <subfield code='c'>remote</subfield>
      <subfield code='h'> PE1417.B6 1966 </subfield>
    </datafield>
    <datafield ind1=' ' ind2=' ' tag='902'>
      <subfield code='a'>091201</subfield>
    </datafield>
    <datafield ind1=' ' ind2=' ' tag='907'>
      <subfield code='a'>.b12503125</subfield>
      <subfield code='b'>k    </subfield>
      <subfield code='c'>-</subfield>
    </datafield>
    <datafield ind1=' ' ind2=' ' tag='935'>
      <subfield code='a'>00267304</subfield>
    </datafield>
    <datafield ind1=' ' ind2=' ' tag='945'>
      <subfield code='l'>kstk </subfield>
      <subfield code='g'>1</subfield>
    </datafield>
    <datafield ind1=' ' ind2=' ' tag='950'>
      <subfield code='l'>P</subfield>
    </datafield>
    <datafield ind1=' ' ind2=' ' tag='998'>
      <subfield code='b'>1</subfield>
      <subfield code='c'>990101</subfield>
      <subfield code='d'>m</subfield>
      <subfield code='e'>a</subfield>
      <subfield code='f'>-</subfield>
      <subfield code='g'>0</subfield>
    </datafield>
    <datafield ind1=' ' ind2=' ' tag='998'>
      <subfield code='a'>03/21/84</subfield>
      <subfield code='t'>c</subfield>
      <subfield code='s'>9125</subfield>
      <subfield code='n'>PPT</subfield>
      <subfield code='w'>NYBG0522779B</subfield>
      <subfield code='d'>09/20/83</subfield>
      <subfield code='b'>XXX</subfield>
      <subfield code='i'>840321</subfield>
      <subfield code='h'>830920</subfield>
      <subfield code='l'>PATG</subfield>
    </datafield>
  </record>