
  <record>
    <leader>01011nam a2200337 a 4500</leader>
    <controlfield tag='001'>991012062809703811</controlfield>
    <controlfield tag='005'>19970307000000.0</controlfield>
    <controlfield tag='008'>970313s1996    xxu||||  |||| 00||0|eng b</controlfield>
    <datafield ind1=' ' ind2=' ' tag='010'>
      <subfield code='a'>96-25449</subfield>
    </datafield>
    <datafield ind1=' ' ind2=' ' tag='020'>
      <subfield code='a'>039758749X</subfield>
    </datafield>
    <datafield ind1=' ' ind2=' ' tag='035'>
      <subfield code='a'>(PPT)b21029106-01tuli_inst</subfield>
    </datafield>
    <datafield ind1=' ' ind2=' ' tag='035'>
      <subfield code='a'>(DNLM)9703098     </subfield>
      <subfield code='9'>ExL</subfield>
    </datafield>
    <datafield ind1=' ' ind2=' ' tag='040'>
      <subfield code='a'>DNLM</subfield>
      <subfield code='c'>DNLM</subfield>
    </datafield>
    <datafield ind1=' ' ind2=' ' tag='040'>
      <subfield code='c'>Charles E. Krausz Library</subfield>
    </datafield>
    <datafield ind1=' ' ind2=' ' tag='049'>
      <subfield code='d'>19961209</subfield>
      <subfield code='v'>1</subfield>
    </datafield>
    <datafield ind1=' ' ind2=' ' tag='090'>
      <subfield code='a'>QH450.3 N75 1997</subfield>
    </datafield>
    <datafield ind1='1' ind2=' ' tag='100'>
      <subfield code='a'>Nuovo, Gerard J.</subfield>
    </datafield>
    <datafield ind1='1' ind2='0' tag='245'>
      <subfield code='a'>PCR in situ hybrization :</subfield>
      <subfield code='b'>protocols and applications /</subfield>
      <subfield code='c'>Gerard J. Nuovo.</subfield>
    </datafield>
    <datafield ind1=' ' ind2=' ' tag='250'>
      <subfield code='a'>3rd ed.</subfield>
    </datafield>
    <datafield ind1=' ' ind2=' ' tag='260'>
      <subfield code='a'>Philadelphia, PA :</subfield>
      <subfield code='b'>Lippincott-Raven Publishers,</subfield>
      <subfield code='c'>1996.</subfield>
    </datafield>
    <datafield ind1=' ' ind2=' ' tag='300'>
      <subfield code='a'>xi, 497 p. :</subfield>
      <subfield code='b'>ill.</subfield>
    </datafield>
    <datafield ind1=' ' ind2=' ' tag='504'>
      <subfield code='a'>Includes bibliographical references and index.</subfield>
    </datafield>
    <datafield ind1='1' ind2='2' tag='650'>
      <subfield code='a'>Polymerase Chain Reaction.</subfield>
    </datafield>
    <datafield ind1='2' ind2='2' tag='650'>
      <subfield code='a'>In Situ Hybridization.</subfield>
    </datafield>
    <datafield ind1='2' ind2='2' tag='650'>
      <subfield code='a'>Cytodiagnosis.</subfield>
    </datafield>
    <datafield ind1='2' ind2='2' tag='650'>
      <subfield code='a'>Papovaviridae Infections</subfield>
      <subfield code='x'>diagnosis.</subfield>
    </datafield>
    <datafield ind1='2' ind2='2' tag='650'>
      <subfield code='a'>HIV Infections</subfield>
      <subfield code='x'>diagnosis.</subfield>
    </datafield>
    <datafield ind1='0' ind2=' ' tag='852'>
      <subfield code='8'>22100104620003811</subfield>
      <subfield code='b'>PODIATRY</subfield>
      <subfield code='c'>stacks</subfield>
      <subfield code='h'>QH450.3 N75 1997</subfield>
    </datafield>
    <datafield ind1=' ' ind2=' ' tag='902'>
      <subfield code='a'>020618</subfield>
    </datafield>
    <datafield ind1=' ' ind2=' ' tag='907'>
      <subfield code='a'>.b21029106</subfield>
      <subfield code='b'>hp   </subfield>
      <subfield code='c'>-</subfield>
    </datafield>
    <datafield ind1=' ' ind2=' ' tag='935'>
      <subfield code='a'>(CD )30713631</subfield>
    </datafield>
    <datafield ind1=' ' ind2=' ' tag='945'>
      <subfield code='l'>hpbst</subfield>
      <subfield code='g'>1</subfield>
    </datafield>
    <datafield ind1=' ' ind2=' ' tag='998'>
      <subfield code='b'>1</subfield>
      <subfield code='c'>000101</subfield>
      <subfield code='d'>m</subfield>
      <subfield code='e'>a</subfield>
      <subfield code='f'>-</subfield>
      <subfield code='g'>0</subfield>
    </datafield>
  </record>