
  <record>
    <leader>01188pam a2200361 a 4500</leader>
    <controlfield tag='001'>991012063919703811</controlfield>
    <controlfield tag='005'>19961220000000.0</controlfield>
    <controlfield tag='008'>960425s1997    xxu||||  |||| 00||0|eng b</controlfield>
    <datafield ind1=' ' ind2=' ' tag='010'>
      <subfield code='a'>96-20127</subfield>
    </datafield>
    <datafield ind1=' ' ind2=' ' tag='020'>
      <subfield code='a'>0815158866</subfield>
    </datafield>
    <datafield ind1=' ' ind2=' ' tag='035'>
      <subfield code='a'>(PPT)b21029374-01tuli_inst</subfield>
    </datafield>
    <datafield ind1=' ' ind2=' ' tag='035'>
      <subfield code='a'>(DNLM)9606131     </subfield>
      <subfield code='9'>ExL</subfield>
    </datafield>
    <datafield ind1=' ' ind2=' ' tag='040'>
      <subfield code='a'>DNLM</subfield>
      <subfield code='c'>DNLM</subfield>
      <subfield code='d'>DNLM</subfield>
    </datafield>
    <datafield ind1=' ' ind2=' ' tag='040'>
      <subfield code='c'>Charles E. Krausz Library</subfield>
    </datafield>
    <datafield ind1=' ' ind2=' ' tag='049'>
      <subfield code='d'>19980210</subfield>
      <subfield code='v'>1</subfield>
    </datafield>
    <datafield ind1=' ' ind2=' ' tag='096'>
      <subfield code='a'>WB 460 </subfield>
      <subfield code='b'>077 1997</subfield>
    </datafield>
    <datafield ind1='0' ind2='0' tag='245'>
      <subfield code='a'>Orthopedic and sports physical therapy.</subfield>
    </datafield>
    <datafield ind1=' ' ind2=' ' tag='250'>
      <subfield code='a'>3rd ed. /</subfield>
      <subfield code='b'>[edited by] Terry R. Malone, Thomas G. McPoil, Arthur J. Nitz.</subfield>
    </datafield>
    <datafield ind1=' ' ind2=' ' tag='260'>
      <subfield code='a'>St. Louis :</subfield>
      <subfield code='b'>Mosby,</subfield>
      <subfield code='c'>c1997.</subfield>
    </datafield>
    <datafield ind1=' ' ind2=' ' tag='300'>
      <subfield code='a'>xiii, 633 p. :</subfield>
      <subfield code='b'>ill., port.</subfield>
    </datafield>
    <datafield ind1=' ' ind2=' ' tag='500'>
      <subfield code='a'>Rev. ed. of: Orthopaedic and sports physical therapy / edited by James A. Gould III. 2nd ed. 1990.</subfield>
    </datafield>
    <datafield ind1=' ' ind2=' ' tag='504'>
      <subfield code='a'>Includes bibliographical references and index.</subfield>
    </datafield>
    <datafield ind1='1' ind2='2' tag='650'>
      <subfield code='a'>Orthopedics</subfield>
      <subfield code='x'>methods.</subfield>
    </datafield>
    <datafield ind1='2' ind2='2' tag='650'>
      <subfield code='a'>Physical Therapy</subfield>
      <subfield code='x'>methods.</subfield>
    </datafield>
    <datafield ind1='2' ind2='2' tag='650'>
      <subfield code='a'>Sports Medicine</subfield>
      <subfield code='x'>methods.</subfield>
    </datafield>
    <datafield ind1='1' ind2=' ' tag='700'>
      <subfield code='a'>Malone, Terry,</subfield>
      <subfield code='d'>1950-</subfield>
    </datafield>
    <datafield ind1='1' ind2=' ' tag='700'>
      <subfield code='a'>McPoil, Thomas G.</subfield>
    </datafield>
    <datafield ind1='1' ind2=' ' tag='700'>
      <subfield code='a'>Nitz, Arthur J.</subfield>
    </datafield>
    <datafield ind1='0' ind2=' ' tag='730'>
      <subfield code='a'>Orthopaedic and sports physical therapy.</subfield>
    </datafield>
    <datafield ind1='2' ind2=' ' tag='852'>
      <subfield code='8'>2299864060003811</subfield>
      <subfield code='b'>PODIATRY</subfield>
      <subfield code='c'>stacks</subfield>
      <subfield code='h'>WB 460</subfield>
      <subfield code='i'>077 1997</subfield>
    </datafield>
    <datafield ind1=' ' ind2=' ' tag='902'>
      <subfield code='a'>071213</subfield>
    </datafield>
    <datafield ind1=' ' ind2=' ' tag='907'>
      <subfield code='a'>.b21029374</subfield>
      <subfield code='b'>hp   </subfield>
      <subfield code='c'>-</subfield>
    </datafield>
    <datafield ind1=' ' ind2=' ' tag='935'>
      <subfield code='a'>(CD )30713725</subfield>
    </datafield>
    <datafield ind1=' ' ind2=' ' tag='945'>
      <subfield code='l'>hpbst</subfield>
      <subfield code='g'>1</subfield>
    </datafield>
    <datafield ind1=' ' ind2=' ' tag='998'>
      <subfield code='b'>1</subfield>
      <subfield code='c'>000101</subfield>
      <subfield code='d'>m</subfield>
      <subfield code='e'>a</subfield>
      <subfield code='f'>-</subfield>
      <subfield code='g'>0</subfield>
    </datafield>
  </record>