
  <record>
    <leader>01775cam a22003734a 4500</leader>
    <controlfield tag='001'>991012070129703811</controlfield>
    <controlfield tag='005'>20050727110432.0</controlfield>
    <controlfield tag='007'>co ug ||||||||</controlfield>
    <controlfield tag='008'>041001s2005    njua     b    001 0 eng  </controlfield>
    <datafield ind1=' ' ind2=' ' tag='010'>
      <subfield code='a'>2004023269</subfield>
    </datafield>
    <datafield ind1=' ' ind2=' ' tag='020'>
      <subfield code='a'>0471694193 (cloth : alk. paper)</subfield>
    </datafield>
    <datafield ind1=' ' ind2=' ' tag='035'>
      <subfield code='a'>(PPT)b29711915-01tuli_inst</subfield>
    </datafield>
    <datafield ind1=' ' ind2=' ' tag='035'>
      <subfield code='a'>ocn490859028</subfield>
      <subfield code='9'>ExL</subfield>
    </datafield>
    <datafield ind1=' ' ind2=' ' tag='035'>
      <subfield code='a'>PPTb29711915</subfield>
    </datafield>
    <datafield ind1=' ' ind2=' ' tag='040'>
      <subfield code='a'>DLC</subfield>
      <subfield code='c'>DLC</subfield>
      <subfield code='d'>DLC</subfield>
    </datafield>
    <datafield ind1=' ' ind2=' ' tag='042'>
      <subfield code='a'>pcc</subfield>
    </datafield>
    <datafield ind1=' ' ind2=' ' tag='043'>
      <subfield code='a'>n-us---</subfield>
    </datafield>
    <datafield ind1=' ' ind2=' ' tag='079'>
      <subfield code='a'>ocm56672024</subfield>
    </datafield>
    <datafield ind1=' ' ind2=' ' tag='090'>
      <subfield code='a'>NA2850</subfield>
      <subfield code='b'>.S63 2005</subfield>
    </datafield>
    <datafield ind1='1' ind2=' ' tag='100'>
      <subfield code='a'>Smith, Lawrence D.,</subfield>
      <subfield code='d'>1938-</subfield>
    </datafield>
    <datafield ind1='1' ind2='0' tag='245'>
      <subfield code='a'>Federal style patterns 1780-1820 :</subfield>
      <subfield code='b'>interior architectural trim and fences : interior doors, doorways, and arches, window and door casings, window sills and aprons, cornices in five types, room designs, baseboards, chair rails, mantels, fences /</subfield>
      <subfield code='c'>illustrations and text by Lawrence D. Smith and MaryBeth Mudrick.</subfield>
    </datafield>
    <datafield ind1=' ' ind2=' ' tag='260'>
      <subfield code='a'>Hoboken, N.J. :</subfield>
      <subfield code='b'>Wiley,</subfield>
      <subfield code='c'>c2005.</subfield>
    </datafield>
    <datafield ind1=' ' ind2=' ' tag='300'>
      <subfield code='a'>vi, 259 p. :</subfield>
      <subfield code='b'>ill. ;</subfield>
      <subfield code='c'>29 cm. +</subfield>
      <subfield code='e'>1 CD-ROM (4 3/4 in.)</subfield>
    </datafield>
    <datafield ind1=' ' ind2=' ' tag='504'>
      <subfield code='a'>Includes bibliographical references (p. 251-259) and index.</subfield>
    </datafield>
    <datafield ind1=' ' ind2=' ' tag='538'>
      <subfield code='a'>System requirements for accompanying CD-ROM: Computer with a processor running at 120 MHz or faster; 32 MB RAM (64 MB recommended); CD-ROM drive.</subfield>
    </datafield>
    <datafield ind1='8' ind2=' ' tag='505'>
      <subfield code='a'>CD-ROM contents: Collection of pattern drawings of the Federal Style.</subfield>
    </datafield>
    <datafield ind1=' ' ind2='0' tag='650'>
      <subfield code='a'>Interior architecture</subfield>
      <subfield code='z'>United States</subfield>
      <subfield code='z'>New England</subfield>
      <subfield code='x'>History</subfield>
      <subfield code='y'>18th century.</subfield>
    </datafield>
    <datafield ind1=' ' ind2='0' tag='650'>
      <subfield code='a'>Interior architecture</subfield>
      <subfield code='z'>United States</subfield>
      <subfield code='z'>New England</subfield>
      <subfield code='x'>History</subfield>
      <subfield code='y'>19th century.</subfield>
    </datafield>
    <datafield ind1=' ' ind2='0' tag='650'>
      <subfield code='a'>Decoration and ornament</subfield>
      <subfield code='z'>United States</subfield>
      <subfield code='z'>New England</subfield>
      <subfield code='x'>Federal style.</subfield>
    </datafield>
    <datafield ind1='1' ind2=' ' tag='700'>
      <subfield code='a'>Mudrick, MaryBeth.</subfield>
    </datafield>
    <datafield ind1='4' ind2='1' tag='856'>
      <subfield code='z'>Access table of contents.</subfield>
      <subfield code='u'>http://www.loc.gov/catdir/toc/ecip051/2004023269.html</subfield>
    </datafield>
    <datafield ind1=' ' ind2=' ' tag='902'>
      <subfield code='a'>150908</subfield>
    </datafield>
    <datafield ind1=' ' ind2=' ' tag='907'>
      <subfield code='a'>.b29711915</subfield>
      <subfield code='b'>p    </subfield>
      <subfield code='c'>-</subfield>
    </datafield>
    <datafield ind1=' ' ind2=' ' tag='945'>
      <subfield code='l'>pstk </subfield>
      <subfield code='u'>v.text</subfield>
      <subfield code='g'>1</subfield>
    </datafield>
    <datafield ind1=' ' ind2=' ' tag='998'>
      <subfield code='b'>0</subfield>
      <subfield code='c'>060321</subfield>
      <subfield code='d'>m</subfield>
      <subfield code='e'>a</subfield>
      <subfield code='f'>-</subfield>
      <subfield code='g'>0</subfield>
    </datafield>
    <datafield ind1=' ' ind2=' ' tag='998'>
      <subfield code='a'>03/21/06</subfield>
      <subfield code='s'>LC</subfield>
      <subfield code='c'>MRTL</subfield>
    </datafield>
  </record>