
  <record>
    <leader>01353pam a22003614a 4500</leader>
    <controlfield tag='001'>991012073509703811</controlfield>
    <controlfield tag='005'>20051222061012.3</controlfield>
    <controlfield tag='008'>050401s2005    nju      b    000 0 eng  </controlfield>
    <datafield ind1=' ' ind2=' ' tag='010'>
      <subfield code='a'>2005009400</subfield>
    </datafield>
    <datafield ind1=' ' ind2=' ' tag='020'>
      <subfield code='a'>0881258903</subfield>
    </datafield>
    <datafield ind1=' ' ind2=' ' tag='035'>
      <subfield code='a'>(PPT)b29712531-01tuli_inst</subfield>
    </datafield>
    <datafield ind1=' ' ind2=' ' tag='035'>
      <subfield code='a'>(OCoLC)ocn490859305</subfield>
      <subfield code='9'>ExL</subfield>
    </datafield>
    <datafield ind1=' ' ind2=' ' tag='035'>
      <subfield code='a'>DLCOCM58985888</subfield>
    </datafield>
    <datafield ind1=' ' ind2=' ' tag='040'>
      <subfield code='a'>DLC</subfield>
      <subfield code='c'>DLC</subfield>
      <subfield code='d'>BAKER</subfield>
      <subfield code='d'>C#P</subfield>
    </datafield>
    <datafield ind1=' ' ind2=' ' tag='042'>
      <subfield code='a'>pcc</subfield>
    </datafield>
    <datafield ind1=' ' ind2=' ' tag='079'>
      <subfield code='a'>ocm58985888</subfield>
    </datafield>
    <datafield ind1=' ' ind2=' ' tag='090'>
      <subfield code='a'>BM645.C6</subfield>
      <subfield code='b'>A54 2005</subfield>
    </datafield>
    <datafield ind1='1' ind2=' ' tag='100'>
      <subfield code='a'>Angel, Marc.</subfield>
    </datafield>
    <datafield ind1='1' ind2='0' tag='245'>
      <subfield code='a'>Choosing to be Jewish :</subfield>
      <subfield code='b'>the Orthodox road to conversion /</subfield>
      <subfield code='c'>Marc D. Angel.</subfield>
    </datafield>
    <datafield ind1=' ' ind2=' ' tag='260'>
      <subfield code='a'>Jersey City, NJ :</subfield>
      <subfield code='b'>KTAV Pub. House,</subfield>
      <subfield code='c'>c2005.</subfield>
    </datafield>
    <datafield ind1=' ' ind2=' ' tag='300'>
      <subfield code='a'>v, 137 p. ;</subfield>
      <subfield code='c'>24 cm.</subfield>
    </datafield>
    <datafield ind1=' ' ind2=' ' tag='504'>
      <subfield code='a'>Includes bibliographical references.</subfield>
    </datafield>
    <datafield ind1='0' ind2=' ' tag='505'>
      <subfield code='a'>Conversion to Judaism in modern times -- Historical considerations -- Conversion to Judaism from the perspective of converts -- Conversion according to halakha -- Issues faced by converts -- Conversion for those of Jewish ancestry -- Motivations for conversion -- Practical considerations.</subfield>
    </datafield>
    <datafield ind1=' ' ind2='0' tag='650'>
      <subfield code='a'>Conversion</subfield>
      <subfield code='x'>Judaism.</subfield>
    </datafield>
    <datafield ind1=' ' ind2='0' tag='650'>
      <subfield code='a'>Jewish converts.</subfield>
    </datafield>
    <datafield ind1=' ' ind2='0' tag='650'>
      <subfield code='a'>Orthodox Judaism</subfield>
      <subfield code='x'>Customs and practices.</subfield>
    </datafield>
    <datafield ind1='4' ind2='1' tag='856'>
      <subfield code='z'>Access Table of Contents.</subfield>
      <subfield code='u'>http://www.loc.gov/catdir/toc/ecip0510/2005009400.html</subfield>
    </datafield>
    <datafield ind1=' ' ind2=' ' tag='901'>
      <subfield code='a'>BNA</subfield>
    </datafield>
    <datafield ind1=' ' ind2=' ' tag='901'>
      <subfield code='a'>R0542956</subfield>
    </datafield>
    <datafield ind1=' ' ind2=' ' tag='902'>
      <subfield code='a'>110512</subfield>
    </datafield>
    <datafield ind1=' ' ind2=' ' tag='902'>
      <subfield code='a'>051222AB0701</subfield>
    </datafield>
    <datafield ind1=' ' ind2=' ' tag='907'>
      <subfield code='a'>.b29712531</subfield>
      <subfield code='b'>p    </subfield>
      <subfield code='c'>-</subfield>
    </datafield>
    <datafield ind1=' ' ind2=' ' tag='945'>
      <subfield code='l'>pstk </subfield>
      <subfield code='g'>1</subfield>
    </datafield>
    <datafield ind1=' ' ind2=' ' tag='998'>
      <subfield code='b'>0</subfield>
      <subfield code='c'>060228</subfield>
      <subfield code='d'>m</subfield>
      <subfield code='e'>a</subfield>
      <subfield code='f'>-</subfield>
      <subfield code='g'>0</subfield>
    </datafield>
  </record>