
  <record>
    <leader>00874nam a22003130  4500</leader>
    <controlfield tag='001'>991012077369703811</controlfield>
    <controlfield tag='008'>830922s1980    lau           00010aeng  </controlfield>
    <datafield ind1=' ' ind2=' ' tag='010'>
      <subfield code='a'>79093424</subfield>
    </datafield>
    <datafield ind1=' ' ind2=' ' tag='035'>
      <subfield code='a'>(PPT)b1250712x-01tuli_inst</subfield>
    </datafield>
    <datafield ind1=' ' ind2=' ' tag='035'>
      <subfield code='a'>ocn471185916</subfield>
      <subfield code='9'>ExL</subfield>
    </datafield>
    <datafield ind1=' ' ind2=' ' tag='035'>
      <subfield code='a'>PATG83-B29996</subfield>
    </datafield>
    <datafield ind1=' ' ind2=' ' tag='040'>
      <subfield code='d'>PPT</subfield>
    </datafield>
    <datafield ind1=' ' ind2=' ' tag='043'>
      <subfield code='a'>a-ir---</subfield>
    </datafield>
    <datafield ind1=' ' ind2=' ' tag='079'>
      <subfield code='a'>ocm06355624</subfield>
    </datafield>
    <datafield ind1=' ' ind2=' ' tag='090'>
      <subfield code='a'>DS259.M58</subfield>
    </datafield>
    <datafield ind1='1' ind2='0' tag='100'>
      <subfield code='a'>Moore, Diane M.</subfield>
    </datafield>
    <datafield ind1='1' ind2='0' tag='245'>
      <subfield code='a'>Iran, in a Persian market /</subfield>
      <subfield code='c'>by Diane M. Moore.</subfield>
    </datafield>
    <datafield ind1=' ' ind2=' ' tag='250'>
      <subfield code='a'>1st ed.</subfield>
    </datafield>
    <datafield ind1=' ' ind2=' ' tag='260'>
      <subfield code='a'>New Iberia, La. :</subfield>
      <subfield code='b'>Moore,</subfield>
      <subfield code='c'>c1980.</subfield>
    </datafield>
    <datafield ind1=' ' ind2=' ' tag='300'>
      <subfield code='a'>xvi, 118 p. ;</subfield>
      <subfield code='c'>22 cm.</subfield>
    </datafield>
    <datafield ind1=' ' ind2=' ' tag='500'>
      <subfield code='a'>Paper wrappers.</subfield>
    </datafield>
    <datafield ind1='1' ind2='0' tag='600'>
      <subfield code='a'>Moore, Diane M.</subfield>
    </datafield>
    <datafield ind1=' ' ind2='0' tag='651'>
      <subfield code='a'>Iran</subfield>
      <subfield code='x'>Description and travel.</subfield>
    </datafield>
    <datafield ind1='0' ind2=' ' tag='852'>
      <subfield code='8'>2296432070003811</subfield>
      <subfield code='b'>SCRC</subfield>
      <subfield code='c'>rarestacks</subfield>
      <subfield code='h'>DS259.M58</subfield>
    </datafield>
    <datafield ind1=' ' ind2=' ' tag='902'>
      <subfield code='a'>130919</subfield>
    </datafield>
    <datafield ind1=' ' ind2=' ' tag='907'>
      <subfield code='a'>.b1250712x</subfield>
      <subfield code='b'>s    </subfield>
      <subfield code='c'>-</subfield>
    </datafield>
    <datafield ind1=' ' ind2=' ' tag='935'>
      <subfield code='a'>00267721</subfield>
    </datafield>
    <datafield ind1=' ' ind2=' ' tag='945'>
      <subfield code='l'>sccc </subfield>
      <subfield code='g'>1</subfield>
    </datafield>
    <datafield ind1=' ' ind2=' ' tag='950'>
      <subfield code='l'>CCC</subfield>
      <subfield code='i'>09/22/83 C</subfield>
    </datafield>
    <datafield ind1=' ' ind2=' ' tag='955'>
      <subfield code='l'>CCC</subfield>
      <subfield code='i'>09/22/83 C</subfield>
    </datafield>
    <datafield ind1=' ' ind2=' ' tag='998'>
      <subfield code='b'>1</subfield>
      <subfield code='c'>990101</subfield>
      <subfield code='d'>m</subfield>
      <subfield code='e'>a</subfield>
      <subfield code='f'>-</subfield>
      <subfield code='g'>0</subfield>
    </datafield>
    <datafield ind1=' ' ind2=' ' tag='998'>
      <subfield code='a'>09/22/83</subfield>
      <subfield code='t'>c</subfield>
      <subfield code='s'>9110</subfield>
      <subfield code='n'>PPT</subfield>
      <subfield code='w'>NYPG804397467B</subfield>
      <subfield code='d'>09/22/83</subfield>
      <subfield code='c'>GK</subfield>
      <subfield code='b'>JF</subfield>
      <subfield code='i'>830922</subfield>
      <subfield code='l'>PATG</subfield>
    </datafield>
  </record>