
  <record>
    <leader>01023cam a22003854a 4500</leader>
    <controlfield tag='001'>991012078789703811</controlfield>
    <controlfield tag='005'>20051222061012.3</controlfield>
    <controlfield tag='008'>051209s2005    nyua          001 0beng  </controlfield>
    <datafield ind1=' ' ind2=' ' tag='010'>
      <subfield code='a'>2005561926</subfield>
    </datafield>
    <datafield ind1=' ' ind2=' ' tag='020'>
      <subfield code='a'>030733855X</subfield>
    </datafield>
    <datafield ind1=' ' ind2=' ' tag='035'>
      <subfield code='a'>(PPT)b29713584-01tuli_inst</subfield>
    </datafield>
    <datafield ind1=' ' ind2=' ' tag='035'>
      <subfield code='a'>(DLC)ocn490859907</subfield>
      <subfield code='9'>ExL</subfield>
    </datafield>
    <datafield ind1=' ' ind2=' ' tag='035'>
      <subfield code='a'>DLC  2005561926</subfield>
    </datafield>
    <datafield ind1=' ' ind2=' ' tag='040'>
      <subfield code='a'>DLC</subfield>
      <subfield code='c'>DLC</subfield>
    </datafield>
    <datafield ind1=' ' ind2=' ' tag='042'>
      <subfield code='a'>pcc</subfield>
    </datafield>
    <datafield ind1=' ' ind2=' ' tag='043'>
      <subfield code='a'>e-uk-en</subfield>
    </datafield>
    <datafield ind1=' ' ind2=' ' tag='079'>
      <subfield code='a'>ocm61661481</subfield>
    </datafield>
    <datafield ind1=' ' ind2=' ' tag='090'>
      <subfield code='a'>ML420.L38</subfield>
      <subfield code='b'>L36 2005b</subfield>
    </datafield>
    <datafield ind1='1' ind2=' ' tag='100'>
      <subfield code='a'>Lennon, Cynthia.</subfield>
    </datafield>
    <datafield ind1='1' ind2='0' tag='245'>
      <subfield code='a'>John /</subfield>
      <subfield code='c'>Cynthia Lennon.</subfield>
    </datafield>
    <datafield ind1=' ' ind2=' ' tag='250'>
      <subfield code='a'>1st American ed.</subfield>
    </datafield>
    <datafield ind1=' ' ind2=' ' tag='260'>
      <subfield code='a'>New York :</subfield>
      <subfield code='b'>Crown,</subfield>
      <subfield code='c'>c2005.</subfield>
    </datafield>
    <datafield ind1=' ' ind2=' ' tag='300'>
      <subfield code='a'>x, 306 p. :</subfield>
      <subfield code='b'>ill. ;</subfield>
      <subfield code='c'>25 cm.</subfield>
    </datafield>
    <datafield ind1=' ' ind2=' ' tag='500'>
      <subfield code='a'>Originally published: London : Hodder and Stoughton, 2005.</subfield>
    </datafield>
    <datafield ind1=' ' ind2=' ' tag='500'>
      <subfield code='a'>Includes index.</subfield>
    </datafield>
    <datafield ind1='1' ind2='0' tag='600'>
      <subfield code='a'>Lennon, John,</subfield>
      <subfield code='d'>1940-1980.</subfield>
    </datafield>
    <datafield ind1=' ' ind2='0' tag='650'>
      <subfield code='a'>Rock musicians</subfield>
      <subfield code='z'>England</subfield>
      <subfield code='v'>Biography.</subfield>
    </datafield>
    <datafield ind1='2' ind2='0' tag='610'>
      <subfield code='a'>Beatles.</subfield>
    </datafield>
    <datafield ind1=' ' ind2=' ' tag='901'>
      <subfield code='a'>BNA</subfield>
    </datafield>
    <datafield ind1=' ' ind2=' ' tag='901'>
      <subfield code='a'>R9541999</subfield>
    </datafield>
    <datafield ind1=' ' ind2=' ' tag='902'>
      <subfield code='a'>161118</subfield>
    </datafield>
    <datafield ind1=' ' ind2=' ' tag='902'>
      <subfield code='a'>051222AB0701</subfield>
    </datafield>
    <datafield ind1=' ' ind2=' ' tag='907'>
      <subfield code='a'>.b29713584</subfield>
      <subfield code='b'>p    </subfield>
      <subfield code='c'>-</subfield>
    </datafield>
    <datafield ind1=' ' ind2=' ' tag='945'>
      <subfield code='l'>pstk </subfield>
      <subfield code='g'>1</subfield>
    </datafield>
    <datafield ind1=' ' ind2=' ' tag='998'>
      <subfield code='b'>0</subfield>
      <subfield code='c'>060303</subfield>
      <subfield code='d'>m</subfield>
      <subfield code='e'>a</subfield>
      <subfield code='f'>-</subfield>
      <subfield code='g'>0</subfield>
    </datafield>
    <datafield ind1=' ' ind2=' ' tag='998'>
      <subfield code='b'>0</subfield>
      <subfield code='c'>060303</subfield>
      <subfield code='d'>m</subfield>
      <subfield code='e'>a</subfield>
      <subfield code='f'>-</subfield>
      <subfield code='g'>0</subfield>
    </datafield>
  </record>