
  <record>
    <leader>01696pam a22003734a 4500</leader>
    <controlfield tag='001'>991012080849703811</controlfield>
    <controlfield tag='005'>20051222061012.3</controlfield>
    <controlfield tag='008'>050421s2005    inuab    b   s001 0 eng  </controlfield>
    <datafield ind1=' ' ind2=' ' tag='010'>
      <subfield code='a'>2005011536</subfield>
    </datafield>
    <datafield ind1=' ' ind2=' ' tag='020'>
      <subfield code='a'>0253218314 (pbk. : alk. paper)</subfield>
    </datafield>
    <datafield ind1=' ' ind2=' ' tag='020'>
      <subfield code='a'>0253346312 (cloth : alk. paper)</subfield>
    </datafield>
    <datafield ind1=' ' ind2=' ' tag='035'>
      <subfield code='a'>(PPT)b29713985-01tuli_inst</subfield>
    </datafield>
    <datafield ind1=' ' ind2=' ' tag='035'>
      <subfield code='a'>(OCoLC)ocn490860134</subfield>
      <subfield code='9'>ExL</subfield>
    </datafield>
    <datafield ind1=' ' ind2=' ' tag='035'>
      <subfield code='a'>DLCOCM59818275</subfield>
    </datafield>
    <datafield ind1=' ' ind2=' ' tag='040'>
      <subfield code='a'>DLC</subfield>
      <subfield code='c'>DLC</subfield>
      <subfield code='d'>YDX</subfield>
      <subfield code='d'>BAKER</subfield>
      <subfield code='d'>C#P</subfield>
    </datafield>
    <datafield ind1=' ' ind2=' ' tag='042'>
      <subfield code='a'>pcc</subfield>
    </datafield>
    <datafield ind1=' ' ind2=' ' tag='043'>
      <subfield code='a'>e-po---</subfield>
    </datafield>
    <datafield ind1=' ' ind2=' ' tag='079'>
      <subfield code='a'>ocm59818275</subfield>
    </datafield>
    <datafield ind1=' ' ind2=' ' tag='090'>
      <subfield code='a'>GR72.3</subfield>
      <subfield code='b'>.H65 2005</subfield>
    </datafield>
    <datafield ind1='1' ind2=' ' tag='100'>
      <subfield code='a'>Holton, Kimberly DaCosta.</subfield>
    </datafield>
    <datafield ind1='1' ind2='0' tag='245'>
      <subfield code='a'>Performing folklore :</subfield>
      <subfield code='b'>ranchos folclóricos from Lisbon to Newark /</subfield>
      <subfield code='c'>Kimberly DaCosta Holton.</subfield>
    </datafield>
    <datafield ind1=' ' ind2=' ' tag='260'>
      <subfield code='a'>Bloomington :</subfield>
      <subfield code='b'>Indiana University Press,</subfield>
      <subfield code='c'>c2005.</subfield>
    </datafield>
    <datafield ind1=' ' ind2=' ' tag='300'>
      <subfield code='a'>xiv, 293 p. :</subfield>
      <subfield code='b'>ill., maps ;</subfield>
      <subfield code='c'>24 cm.</subfield>
    </datafield>
    <datafield ind1=' ' ind2=' ' tag='504'>
      <subfield code='a'>Includes bibliographical references (p. [235]-279) and index.</subfield>
    </datafield>
    <datafield ind1='0' ind2=' ' tag='505'>
      <subfield code='a'>Introduction -- Choreographing the spirit : fascism, folklorization, and everyday resistance -- Battling the bonitinho : revolution, reform, and ethnographic authenticity -- From intestines into heart : the performance of cultural kinship -- Festival hospitality : new paradigms of travel and exchange -- &quot;We will not be jazzed up!&quot; : Lisbon 94 and ranchos&apos; festival absence -- Dancing along the in-between : folklore performance and transmigration in Newark, New Jersey -- Conclusion.</subfield>
    </datafield>
    <datafield ind1=' ' ind2='0' tag='650'>
      <subfield code='a'>Folklore</subfield>
      <subfield code='x'>Performance</subfield>
      <subfield code='z'>Portugal.</subfield>
    </datafield>
    <datafield ind1=' ' ind2='0' tag='651'>
      <subfield code='a'>Portugal</subfield>
      <subfield code='x'>Social life and customs.</subfield>
    </datafield>
    <datafield ind1='4' ind2='1' tag='856'>
      <subfield code='z'>Access Table of Contents.</subfield>
      <subfield code='u'>http://www.loc.gov/catdir/toc/ecip0511/2005011536.html</subfield>
    </datafield>
    <datafield ind1=' ' ind2=' ' tag='901'>
      <subfield code='a'>BNA</subfield>
    </datafield>
    <datafield ind1=' ' ind2=' ' tag='901'>
      <subfield code='a'>R5542167</subfield>
    </datafield>
    <datafield ind1=' ' ind2=' ' tag='902'>
      <subfield code='a'>160106</subfield>
    </datafield>
    <datafield ind1=' ' ind2=' ' tag='902'>
      <subfield code='a'>051222AB0701</subfield>
    </datafield>
    <datafield ind1=' ' ind2=' ' tag='907'>
      <subfield code='a'>.b29713985</subfield>
      <subfield code='b'>p    </subfield>
      <subfield code='c'>-</subfield>
    </datafield>
    <datafield ind1=' ' ind2=' ' tag='945'>
      <subfield code='l'>pstk </subfield>
      <subfield code='g'>1</subfield>
    </datafield>
    <datafield ind1=' ' ind2=' ' tag='998'>
      <subfield code='b'>0</subfield>
      <subfield code='c'>060227</subfield>
      <subfield code='d'>m</subfield>
      <subfield code='e'>a</subfield>
      <subfield code='f'>-</subfield>
      <subfield code='g'>0</subfield>
    </datafield>
  </record>