
  <record>
    <leader>00902nam a22002890  4500</leader>
    <controlfield tag='001'>991012085169703811</controlfield>
    <controlfield tag='008'>830926s1967    enkafb   b    00010 eng  </controlfield>
    <datafield ind1=' ' ind2=' ' tag='010'>
      <subfield code='a'>66030126</subfield>
    </datafield>
    <datafield ind1=' ' ind2=' ' tag='035'>
      <subfield code='a'>(PPT)b12508834-01tuli_inst</subfield>
    </datafield>
    <datafield ind1=' ' ind2=' ' tag='035'>
      <subfield code='a'>ocn471186086</subfield>
      <subfield code='9'>ExL</subfield>
    </datafield>
    <datafield ind1=' ' ind2=' ' tag='035'>
      <subfield code='a'>PATG83-B30195</subfield>
    </datafield>
    <datafield ind1=' ' ind2=' ' tag='040'>
      <subfield code='d'>PPT</subfield>
    </datafield>
    <datafield ind1=' ' ind2=' ' tag='079'>
      <subfield code='a'>ocm00255860</subfield>
    </datafield>
    <datafield ind1=' ' ind2=' ' tag='090'>
      <subfield code='a'>QL737.P9N3</subfield>
    </datafield>
    <datafield ind1='1' ind2='0' tag='100'>
      <subfield code='a'>Napier, John Russell.</subfield>
    </datafield>
    <datafield ind1='1' ind2='2' tag='245'>
      <subfield code='a'>A handbook of living primates;</subfield>
      <subfield code='b'>morphology, ecology and behaviour of nonhuman primates.</subfield>
      <subfield code='c'>By J.R. Napier and P.H. Napier.</subfield>
    </datafield>
    <datafield ind1=' ' ind2=' ' tag='260'>
      <subfield code='a'>London,</subfield>
      <subfield code='b'>Academic Press,</subfield>
      <subfield code='c'>1967.</subfield>
    </datafield>
    <datafield ind1=' ' ind2=' ' tag='300'>
      <subfield code='a'>456 p.</subfield>
      <subfield code='b'>illus., plates, maps,</subfield>
      <subfield code='c'>26 cm.</subfield>
    </datafield>
    <datafield ind1=' ' ind2=' ' tag='504'>
      <subfield code='a'>Bibliography: p.[417]-446.</subfield>
    </datafield>
    <datafield ind1=' ' ind2='0' tag='650'>
      <subfield code='a'>Primates.</subfield>
    </datafield>
    <datafield ind1='1' ind2='0' tag='700'>
      <subfield code='a'>Napier, P. H.</subfield>
      <subfield code='q'>(Prue H.)</subfield>
    </datafield>
    <datafield ind1='0' ind2='0' tag='740'>
      <subfield code='a'>Living primates.</subfield>
    </datafield>
    <datafield ind1='0' ind2=' ' tag='852'>
      <subfield code='8'>2298042970003811</subfield>
      <subfield code='b'>MAIN</subfield>
      <subfield code='c'>stacks</subfield>
      <subfield code='h'>QL737.P9N3</subfield>
    </datafield>
    <datafield ind1=' ' ind2=' ' tag='902'>
      <subfield code='a'>120514</subfield>
    </datafield>
    <datafield ind1=' ' ind2=' ' tag='907'>
      <subfield code='a'>.b12508834</subfield>
      <subfield code='b'>p    </subfield>
      <subfield code='c'>-</subfield>
    </datafield>
    <datafield ind1=' ' ind2=' ' tag='935'>
      <subfield code='a'>00267897</subfield>
    </datafield>
    <datafield ind1=' ' ind2=' ' tag='945'>
      <subfield code='l'>pstk </subfield>
      <subfield code='g'>1</subfield>
    </datafield>
    <datafield ind1=' ' ind2=' ' tag='950'>
      <subfield code='l'>P</subfield>
    </datafield>
    <datafield ind1=' ' ind2=' ' tag='998'>
      <subfield code='b'>1</subfield>
      <subfield code='c'>990101</subfield>
      <subfield code='d'>m</subfield>
      <subfield code='e'>a</subfield>
      <subfield code='f'>-</subfield>
      <subfield code='g'>2</subfield>
    </datafield>
    <datafield ind1=' ' ind2=' ' tag='998'>
      <subfield code='a'>09/26/83</subfield>
      <subfield code='t'>c</subfield>
      <subfield code='s'>9127</subfield>
      <subfield code='n'>PPT</subfield>
      <subfield code='w'>CSUU1790854B</subfield>
      <subfield code='d'>09/26/83</subfield>
      <subfield code='b'>LMB</subfield>
      <subfield code='i'>830926</subfield>
      <subfield code='l'>PATG</subfield>
    </datafield>
  </record>