
  <record>
    <leader>00989pam a22003494a 4500</leader>
    <controlfield tag='001'>991012087979703811</controlfield>
    <controlfield tag='005'>20051222061012.3</controlfield>
    <controlfield tag='008'>050713s2005    caua     b    000 0 eng  </controlfield>
    <datafield ind1=' ' ind2=' ' tag='010'>
      <subfield code='a'>2005050329</subfield>
    </datafield>
    <datafield ind1=' ' ind2=' ' tag='020'>
      <subfield code='a'>0060821086 (cloth)</subfield>
    </datafield>
    <datafield ind1='3' ind2=' ' tag='024'>
      <subfield code='a'>9780060821081</subfield>
    </datafield>
    <datafield ind1=' ' ind2=' ' tag='035'>
      <subfield code='a'>(PPT)b29715362-01tuli_inst</subfield>
    </datafield>
    <datafield ind1=' ' ind2=' ' tag='035'>
      <subfield code='a'>(OCoLC)ocn490860940</subfield>
      <subfield code='9'>ExL</subfield>
    </datafield>
    <datafield ind1=' ' ind2=' ' tag='035'>
      <subfield code='a'>DLCOCM61151612</subfield>
    </datafield>
    <datafield ind1=' ' ind2=' ' tag='040'>
      <subfield code='a'>DLC</subfield>
      <subfield code='c'>DLC</subfield>
      <subfield code='d'>YDX</subfield>
      <subfield code='d'>BAKER</subfield>
      <subfield code='d'>C#P</subfield>
    </datafield>
    <datafield ind1=' ' ind2=' ' tag='042'>
      <subfield code='a'>pcc</subfield>
    </datafield>
    <datafield ind1=' ' ind2=' ' tag='079'>
      <subfield code='a'>ocm64449617</subfield>
    </datafield>
    <datafield ind1=' ' ind2=' ' tag='090'>
      <subfield code='a'>BT1391</subfield>
      <subfield code='b'>.M49 2005</subfield>
    </datafield>
    <datafield ind1='1' ind2=' ' tag='100'>
      <subfield code='a'>Meyer, Marvin W.</subfield>
    </datafield>
    <datafield ind1='1' ind2='4' tag='245'>
      <subfield code='a'>The Gnostic discoveries :</subfield>
      <subfield code='b'>the impact of the Nag Hammadi library /</subfield>
      <subfield code='c'>Marvin Meyer.</subfield>
    </datafield>
    <datafield ind1=' ' ind2=' ' tag='250'>
      <subfield code='a'>1st ed.</subfield>
    </datafield>
    <datafield ind1=' ' ind2=' ' tag='260'>
      <subfield code='a'>[San Francisco] :</subfield>
      <subfield code='b'>HarperSanFrancisco,</subfield>
      <subfield code='c'>c2005.</subfield>
    </datafield>
    <datafield ind1=' ' ind2=' ' tag='300'>
      <subfield code='a'>vi, 239 p. :</subfield>
      <subfield code='b'>ill. ;</subfield>
      <subfield code='c'>24 cm.</subfield>
    </datafield>
    <datafield ind1=' ' ind2=' ' tag='504'>
      <subfield code='a'>Includes bibliographical references (p. 211-239).</subfield>
    </datafield>
    <datafield ind1='0' ind2='0' tag='630'>
      <subfield code='a'>Nag Hammadi codices.</subfield>
    </datafield>
    <datafield ind1=' ' ind2='0' tag='650'>
      <subfield code='a'>Gnosticism.</subfield>
    </datafield>
    <datafield ind1=' ' ind2=' ' tag='901'>
      <subfield code='a'>BNA</subfield>
    </datafield>
    <datafield ind1=' ' ind2=' ' tag='901'>
      <subfield code='a'>R6542189</subfield>
    </datafield>
    <datafield ind1=' ' ind2=' ' tag='902'>
      <subfield code='a'>110512</subfield>
    </datafield>
    <datafield ind1=' ' ind2=' ' tag='902'>
      <subfield code='a'>051222AB0701</subfield>
    </datafield>
    <datafield ind1=' ' ind2=' ' tag='907'>
      <subfield code='a'>.b29715362</subfield>
      <subfield code='b'>p    </subfield>
      <subfield code='c'>-</subfield>
    </datafield>
    <datafield ind1=' ' ind2=' ' tag='945'>
      <subfield code='l'>pstk </subfield>
      <subfield code='g'>1</subfield>
    </datafield>
    <datafield ind1=' ' ind2=' ' tag='998'>
      <subfield code='b'>0</subfield>
      <subfield code='c'>060228</subfield>
      <subfield code='d'>m</subfield>
      <subfield code='e'>a</subfield>
      <subfield code='f'>-</subfield>
      <subfield code='g'>4</subfield>
    </datafield>
  </record>