
  <record>
    <leader>01974cam a2200445 a 4500</leader>
    <controlfield tag='001'>991012091359703811</controlfield>
    <controlfield tag='005'>20051230090547.4</controlfield>
    <controlfield tag='008'>050715s2005    enka     b    001 0 eng  </controlfield>
    <datafield ind1=' ' ind2=' ' tag='010'>
      <subfield code='a'>2005020147</subfield>
    </datafield>
    <datafield ind1=' ' ind2=' ' tag='020'>
      <subfield code='a'>0199279861 (acid-free paper)</subfield>
    </datafield>
    <datafield ind1=' ' ind2=' ' tag='035'>
      <subfield code='a'>(PPT)b2971607x-01tuli_inst</subfield>
    </datafield>
    <datafield ind1=' ' ind2=' ' tag='035'>
      <subfield code='a'>(DLC)ocn490861337</subfield>
      <subfield code='9'>ExL</subfield>
    </datafield>
    <datafield ind1=' ' ind2=' ' tag='035'>
      <subfield code='a'>DLC  2005020147</subfield>
    </datafield>
    <datafield ind1=' ' ind2=' ' tag='040'>
      <subfield code='a'>DLC</subfield>
      <subfield code='c'>DLC</subfield>
      <subfield code='d'>BAKER</subfield>
      <subfield code='d'>BWKUK</subfield>
      <subfield code='d'>DLC</subfield>
    </datafield>
    <datafield ind1=' ' ind2=' ' tag='043'>
      <subfield code='a'>e-uk---</subfield>
    </datafield>
    <datafield ind1=' ' ind2=' ' tag='079'>
      <subfield code='a'>ocm61131765</subfield>
    </datafield>
    <datafield ind1=' ' ind2=' ' tag='090'>
      <subfield code='a'>PR478.W65</subfield>
      <subfield code='b'>P68 2005</subfield>
    </datafield>
    <datafield ind1='1' ind2=' ' tag='100'>
      <subfield code='a'>Potter, Jane.</subfield>
    </datafield>
    <datafield ind1='1' ind2='0' tag='245'>
      <subfield code='a'>Boys in khaki, girls in print :</subfield>
      <subfield code='b'>women&apos;s literary responses to the Great War, 1914-1918 /</subfield>
      <subfield code='c'>Jane Potter.</subfield>
    </datafield>
    <datafield ind1=' ' ind2=' ' tag='260'>
      <subfield code='a'>Oxford :</subfield>
      <subfield code='b'>Clarendon Press ;</subfield>
      <subfield code='a'>Oxford ;</subfield>
      <subfield code='a'>New York :</subfield>
      <subfield code='b'>Oxford University Press,</subfield>
      <subfield code='c'>2005.</subfield>
    </datafield>
    <datafield ind1=' ' ind2=' ' tag='300'>
      <subfield code='a'>xiii, 257 p. :</subfield>
      <subfield code='b'>ill. ;</subfield>
      <subfield code='c'>23 cm.</subfield>
    </datafield>
    <datafield ind1=' ' ind2='0' tag='440'>
      <subfield code='a'>Oxford English monographs.</subfield>
    </datafield>
    <datafield ind1=' ' ind2=' ' tag='504'>
      <subfield code='a'>Includes bibliographical references (p. [236]-252) and index.</subfield>
    </datafield>
    <datafield ind1='0' ind2=' ' tag='505'>
      <subfield code='a'>Before the lamps went out : the social and literary background of the Great War -- &apos;Is your best boy wearing khaki?&apos; : publishing and propaganda -- &apos;Putting things in their right places&apos; : the war in romance novels -- &apos;I alone am left to tell the tale&apos; : memoirs by women on active service.</subfield>
    </datafield>
    <datafield ind1=' ' ind2='0' tag='650'>
      <subfield code='a'>English literature</subfield>
      <subfield code='y'>20th century</subfield>
      <subfield code='x'>History and criticism.</subfield>
    </datafield>
    <datafield ind1=' ' ind2='0' tag='650'>
      <subfield code='a'>English literature</subfield>
      <subfield code='x'>Women authors</subfield>
      <subfield code='x'>History and criticism.</subfield>
    </datafield>
    <datafield ind1=' ' ind2='0' tag='650'>
      <subfield code='a'>World War, 1914-1918</subfield>
      <subfield code='x'>Literature and the war</subfield>
      <subfield code='z'>Great Britain.</subfield>
    </datafield>
    <datafield ind1=' ' ind2='0' tag='650'>
      <subfield code='a'>Women and literature</subfield>
      <subfield code='z'>Great Britain</subfield>
      <subfield code='x'>History</subfield>
      <subfield code='y'>20th century.</subfield>
    </datafield>
    <datafield ind1=' ' ind2='0' tag='650'>
      <subfield code='a'>World War, 1914-1918</subfield>
      <subfield code='v'>Personal narratives, British</subfield>
      <subfield code='x'>Publishing.</subfield>
    </datafield>
    <datafield ind1=' ' ind2='0' tag='650'>
      <subfield code='a'>Literature publishing</subfield>
      <subfield code='z'>Great Britain</subfield>
      <subfield code='x'>History</subfield>
      <subfield code='y'>20th century.</subfield>
    </datafield>
    <datafield ind1=' ' ind2='0' tag='650'>
      <subfield code='a'>Women</subfield>
      <subfield code='z'>Great Britain</subfield>
      <subfield code='x'>Intellectual life</subfield>
      <subfield code='y'>20th century.</subfield>
    </datafield>
    <datafield ind1=' ' ind2='0' tag='650'>
      <subfield code='a'>World War, 1914-1918</subfield>
      <subfield code='x'>Women</subfield>
      <subfield code='z'>Great Britain.</subfield>
    </datafield>
    <datafield ind1=' ' ind2=' ' tag='901'>
      <subfield code='a'>BNA</subfield>
    </datafield>
    <datafield ind1=' ' ind2=' ' tag='901'>
      <subfield code='a'>R1543855</subfield>
    </datafield>
    <datafield ind1=' ' ind2=' ' tag='902'>
      <subfield code='a'>120509</subfield>
    </datafield>
    <datafield ind1=' ' ind2=' ' tag='902'>
      <subfield code='a'>051230AB0701</subfield>
    </datafield>
    <datafield ind1='0' ind2='0' tag='905'>
      <subfield code='a'>Oxford English monographs</subfield>
    </datafield>
    <datafield ind1=' ' ind2=' ' tag='907'>
      <subfield code='a'>.b2971607x</subfield>
      <subfield code='b'>p    </subfield>
      <subfield code='c'>-</subfield>
    </datafield>
    <datafield ind1=' ' ind2=' ' tag='945'>
      <subfield code='l'>pstk </subfield>
      <subfield code='g'>1</subfield>
    </datafield>
    <datafield ind1=' ' ind2=' ' tag='998'>
      <subfield code='b'>0</subfield>
      <subfield code='c'>060307</subfield>
      <subfield code='d'>m</subfield>
      <subfield code='e'>a</subfield>
      <subfield code='f'>-</subfield>
      <subfield code='g'>0</subfield>
    </datafield>
    <datafield ind1=' ' ind2=' ' tag='998'>
      <subfield code='b'>0</subfield>
      <subfield code='c'>060307</subfield>
      <subfield code='d'>m</subfield>
      <subfield code='e'>a</subfield>
      <subfield code='f'>-</subfield>
      <subfield code='g'>0</subfield>
    </datafield>
  </record>