
  <record>
    <leader>00902nam a22003010  4500</leader>
    <controlfield tag='001'>991012098829703811</controlfield>
    <controlfield tag='008'>830927s1962    enka          00010 eng d</controlfield>
    <datafield ind1=' ' ind2=' ' tag='035'>
      <subfield code='a'>(PPT)b12511511-01tuli_inst</subfield>
    </datafield>
    <datafield ind1=' ' ind2=' ' tag='035'>
      <subfield code='a'>ocn471186906</subfield>
      <subfield code='9'>ExL</subfield>
    </datafield>
    <datafield ind1=' ' ind2=' ' tag='035'>
      <subfield code='a'>PATG83-B30522</subfield>
    </datafield>
    <datafield ind1=' ' ind2=' ' tag='040'>
      <subfield code='a'>PPT</subfield>
      <subfield code='c'>PPT</subfield>
    </datafield>
    <datafield ind1=' ' ind2=' ' tag='079'>
      <subfield code='a'>ocm01264049</subfield>
    </datafield>
    <datafield ind1=' ' ind2=' ' tag='090'>
      <subfield code='a'>N6923.B9G57 1962a</subfield>
    </datafield>
    <datafield ind1='0' ind2='0' tag='100'>
      <subfield code='a'>Michelangelo Buonarroti,</subfield>
      <subfield code='d'>1475-1564.</subfield>
    </datafield>
    <datafield ind1='1' ind2='0' tag='245'>
      <subfield code='a'>Michelangelo; paintings, sculptures, architecture,</subfield>
      <subfield code='c'>by Ludwig Goldscheider.</subfield>
    </datafield>
    <datafield ind1=' ' ind2=' ' tag='250'>
      <subfield code='a'>Complete ed. [4th ed.]</subfield>
    </datafield>
    <datafield ind1=' ' ind2=' ' tag='260'>
      <subfield code='a'>London,</subfield>
      <subfield code='b'>Phaidon Press</subfield>
      <subfield code='c'>[1962]</subfield>
    </datafield>
    <datafield ind1=' ' ind2=' ' tag='300'>
      <subfield code='a'>262 p.</subfield>
      <subfield code='b'>illus.(part mounted col.)</subfield>
      <subfield code='c'>31 cm.</subfield>
    </datafield>
    <datafield ind1=' ' ind2=' ' tag='504'>
      <subfield code='a'>Bibliography: p.24-25.</subfield>
    </datafield>
    <datafield ind1='1' ind2='0' tag='700'>
      <subfield code='a'>Goldscheider, Ludwig,</subfield>
      <subfield code='d'>1896-1973</subfield>
    </datafield>
    <datafield ind1='0' ind2=' ' tag='852'>
      <subfield code='8'>22137397930003811</subfield>
      <subfield code='b'>MAIN</subfield>
      <subfield code='c'>stacks</subfield>
      <subfield code='h'>N6923.B9G57 1962a</subfield>
    </datafield>
    <datafield ind1='0' ind2=' ' tag='852'>
      <subfield code='8'>22227807570003811</subfield>
      <subfield code='b'>MAIN</subfield>
      <subfield code='c'>remote</subfield>
      <subfield code='h'> N6923.B9G57 1962a </subfield>
    </datafield>
    <datafield ind1=' ' ind2=' ' tag='902'>
      <subfield code='a'>120308</subfield>
    </datafield>
    <datafield ind1=' ' ind2=' ' tag='907'>
      <subfield code='a'>.b12511511</subfield>
      <subfield code='b'>multi</subfield>
      <subfield code='c'>-</subfield>
    </datafield>
    <datafield ind1=' ' ind2=' ' tag='935'>
      <subfield code='a'>00268178</subfield>
    </datafield>
    <datafield ind1=' ' ind2=' ' tag='945'>
      <subfield code='l'>kstk </subfield>
      <subfield code='g'>1</subfield>
    </datafield>
    <datafield ind1=' ' ind2=' ' tag='945'>
      <subfield code='l'>kstk </subfield>
      <subfield code='g'>1</subfield>
    </datafield>
    <datafield ind1=' ' ind2=' ' tag='945'>
      <subfield code='l'>pstk </subfield>
      <subfield code='g'>1</subfield>
    </datafield>
    <datafield ind1=' ' ind2=' ' tag='950'>
      <subfield code='l'>P</subfield>
    </datafield>
    <datafield ind1=' ' ind2=' ' tag='950'>
      <subfield code='l'>LTD</subfield>
    </datafield>
    <datafield ind1=' ' ind2=' ' tag='998'>
      <subfield code='b'>3</subfield>
      <subfield code='c'>990101</subfield>
      <subfield code='d'>m</subfield>
      <subfield code='e'>a</subfield>
      <subfield code='f'>-</subfield>
      <subfield code='g'>0</subfield>
    </datafield>
    <datafield ind1=' ' ind2=' ' tag='998'>
      <subfield code='a'>09/27/83</subfield>
      <subfield code='t'>c</subfield>
      <subfield code='s'>9124</subfield>
      <subfield code='n'>PPT</subfield>
      <subfield code='d'>09/27/83</subfield>
      <subfield code='b'>SJH</subfield>
      <subfield code='i'>830927</subfield>
      <subfield code='l'>PATG</subfield>
    </datafield>
  </record>