
  <record>
    <leader>01486pam a22004334a 4500</leader>
    <controlfield tag='001'>991012104129703811</controlfield>
    <controlfield tag='005'>20051230090547.4</controlfield>
    <controlfield tag='008'>050729s2005    gw a     b    001 0 eng  </controlfield>
    <datafield ind1=' ' ind2=' ' tag='010'>
      <subfield code='a'>2005022076</subfield>
    </datafield>
    <datafield ind1=' ' ind2=' ' tag='020'>
      <subfield code='a'>3110182416 (cloth : alk. paper)</subfield>
    </datafield>
    <datafield ind1='3' ind2=' ' tag='024'>
      <subfield code='a'>9783110182415</subfield>
    </datafield>
    <datafield ind1=' ' ind2=' ' tag='035'>
      <subfield code='a'>(PPT)b29718636-01tuli_inst</subfield>
    </datafield>
    <datafield ind1=' ' ind2=' ' tag='035'>
      <subfield code='a'>(OCoLC)ocn490863134</subfield>
      <subfield code='9'>ExL</subfield>
    </datafield>
    <datafield ind1=' ' ind2=' ' tag='035'>
      <subfield code='a'>DLCOCM61228652</subfield>
    </datafield>
    <datafield ind1=' ' ind2=' ' tag='040'>
      <subfield code='a'>DLC</subfield>
      <subfield code='c'>DLC</subfield>
      <subfield code='d'>BAKER</subfield>
      <subfield code='d'>OHX</subfield>
      <subfield code='d'>C#P</subfield>
    </datafield>
    <datafield ind1='1' ind2=' ' tag='041'>
      <subfield code='a'>eng</subfield>
      <subfield code='a'>grc</subfield>
      <subfield code='h'>grc</subfield>
    </datafield>
    <datafield ind1=' ' ind2=' ' tag='042'>
      <subfield code='a'>pcc</subfield>
    </datafield>
    <datafield ind1=' ' ind2=' ' tag='079'>
      <subfield code='a'>ocm61228652</subfield>
    </datafield>
    <datafield ind1=' ' ind2=' ' tag='090'>
      <subfield code='a'>PA4273.P4</subfield>
      <subfield code='b'>A61539 2005</subfield>
    </datafield>
    <datafield ind1='1' ind2=' ' tag='100'>
      <subfield code='a'>Wilson, Walter T.</subfield>
    </datafield>
    <datafield ind1='1' ind2='4' tag='245'>
      <subfield code='a'>The sentences of Pseudo-Phocylides /</subfield>
      <subfield code='c'>Walter T. Wilson.</subfield>
    </datafield>
    <datafield ind1=' ' ind2=' ' tag='260'>
      <subfield code='a'>Berlin ;</subfield>
      <subfield code='a'>New York :</subfield>
      <subfield code='b'>Walter de Gruyter,</subfield>
      <subfield code='c'>c2005.</subfield>
    </datafield>
    <datafield ind1=' ' ind2=' ' tag='300'>
      <subfield code='a'>xiv, 302 p. :</subfield>
      <subfield code='b'>ill. ;</subfield>
      <subfield code='c'>24 cm.</subfield>
    </datafield>
    <datafield ind1=' ' ind2='0' tag='440'>
      <subfield code='a'>Commentaries on early Jewish literature.</subfield>
    </datafield>
    <datafield ind1=' ' ind2=' ' tag='546'>
      <subfield code='a'>Text of poem in Greek with English translation; commentary in English.</subfield>
    </datafield>
    <datafield ind1=' ' ind2=' ' tag='504'>
      <subfield code='a'>Includes bibliographical references and indexes.</subfield>
    </datafield>
    <datafield ind1='0' ind2='0' tag='600'>
      <subfield code='a'>Pseudo-Phocylides.</subfield>
      <subfield code='t'>Admonitions.</subfield>
    </datafield>
    <datafield ind1=' ' ind2='0' tag='650'>
      <subfield code='a'>Jewish religious poetry</subfield>
      <subfield code='x'>History and criticism.</subfield>
    </datafield>
    <datafield ind1=' ' ind2='0' tag='650'>
      <subfield code='a'>Jewish ethics in literature.</subfield>
    </datafield>
    <datafield ind1='0' ind2='2' tag='700'>
      <subfield code='a'>Pseudo-Phocylides.</subfield>
      <subfield code='t'>Admonitions.</subfield>
      <subfield code='l'>English &amp; Greek.</subfield>
    </datafield>
    <datafield ind1='4' ind2='1' tag='856'>
      <subfield code='z'>Access Table of Contents.</subfield>
      <subfield code='u'>http://www.loc.gov/catdir/toc/ecip0517/2005022076.html</subfield>
    </datafield>
    <datafield ind1=' ' ind2=' ' tag='901'>
      <subfield code='a'>BNA</subfield>
    </datafield>
    <datafield ind1=' ' ind2=' ' tag='901'>
      <subfield code='a'>R2542597</subfield>
    </datafield>
    <datafield ind1=' ' ind2=' ' tag='902'>
      <subfield code='a'>110512</subfield>
    </datafield>
    <datafield ind1=' ' ind2=' ' tag='902'>
      <subfield code='a'>051230AB0701</subfield>
    </datafield>
    <datafield ind1='0' ind2='0' tag='905'>
      <subfield code='a'>Commentaries on early Jewish literature</subfield>
    </datafield>
    <datafield ind1=' ' ind2=' ' tag='907'>
      <subfield code='a'>.b29718636</subfield>
      <subfield code='b'>p    </subfield>
      <subfield code='c'>-</subfield>
    </datafield>
    <datafield ind1=' ' ind2=' ' tag='945'>
      <subfield code='l'>pstk </subfield>
      <subfield code='g'>1</subfield>
    </datafield>
    <datafield ind1=' ' ind2=' ' tag='998'>
      <subfield code='b'>0</subfield>
      <subfield code='c'>060302</subfield>
      <subfield code='d'>m</subfield>
      <subfield code='e'>a</subfield>
      <subfield code='f'>-</subfield>
      <subfield code='g'>4</subfield>
    </datafield>
    <datafield ind1=' ' ind2=' ' tag='998'>
      <subfield code='b'>0</subfield>
      <subfield code='c'>060302</subfield>
      <subfield code='d'>m</subfield>
      <subfield code='e'>a</subfield>
      <subfield code='f'>-</subfield>
      <subfield code='g'>4</subfield>
    </datafield>
  </record>