
  <record>
    <leader>00767cam a2200253ua 4500</leader>
    <controlfield tag='001'>991012103949703811</controlfield>
    <controlfield tag='005'>19990902181103.0</controlfield>
    <controlfield tag='008'>750101c1952    nyu     r    u00000 engsd</controlfield>
    <datafield ind1=' ' ind2=' ' tag='035'>
      <subfield code='a'>(PPT)b21039227-01tuli_inst</subfield>
    </datafield>
    <datafield ind1=' ' ind2=' ' tag='035'>
      <subfield code='a'>30632245</subfield>
      <subfield code='9'>ExL</subfield>
    </datafield>
    <datafield ind1=' ' ind2=' ' tag='040'>
      <subfield code='c'>Charles E. Krausz Library</subfield>
    </datafield>
    <datafield ind1=' ' ind2=' ' tag='049'>
      <subfield code='d'>19750101</subfield>
      <subfield code='v'>1</subfield>
    </datafield>
    <datafield ind1=' ' ind2=' ' tag='096'>
      <subfield code='a'>WE740 A65 1952</subfield>
    </datafield>
    <datafield ind1='1' ind2='0' tag='100'>
      <subfield code='a'>Armstrong, James Rowan.</subfield>
    </datafield>
    <datafield ind1='1' ind2='0' tag='245'>
      <subfield code='a'>Lumbar disc lesions:  pathogenesis and treatment of low back pain and sciatica.</subfield>
      <subfield code='c'>Armstrong, James Rowan</subfield>
    </datafield>
    <datafield ind1=' ' ind2=' ' tag='260'>
      <subfield code='b'>Williams &amp; Wilkins</subfield>
      <subfield code='c'>1952</subfield>
    </datafield>
    <datafield ind1=' ' ind2=' ' tag='300'>
      <subfield code='a'>228 p. : ill.</subfield>
    </datafield>
    <datafield ind1=' ' ind2=' ' tag='500'>
      <subfield code='a'>Foreword by H. Osmond-Clarke.</subfield>
    </datafield>
    <datafield ind1=' ' ind2='2' tag='650'>
      <subfield code='a'>Intervertebral Disk Displacement.</subfield>
    </datafield>
    <datafield ind1=' ' ind2='2' tag='650'>
      <subfield code='a'>Back Pain.</subfield>
    </datafield>
    <datafield ind1=' ' ind2='2' tag='650'>
      <subfield code='a'>Sciatica.</subfield>
    </datafield>
    <datafield ind1='2' ind2=' ' tag='852'>
      <subfield code='8'>22112129490003811</subfield>
      <subfield code='b'>PODIATRY</subfield>
      <subfield code='c'>stacks</subfield>
      <subfield code='h'>WE740 A65 1952</subfield>
    </datafield>
    <datafield ind1=' ' ind2=' ' tag='902'>
      <subfield code='a'>100106</subfield>
    </datafield>
    <datafield ind1=' ' ind2=' ' tag='907'>
      <subfield code='a'>.b21039227</subfield>
      <subfield code='b'>hp   </subfield>
      <subfield code='c'>-</subfield>
    </datafield>
    <datafield ind1=' ' ind2=' ' tag='935'>
      <subfield code='a'>(CD )30632245</subfield>
    </datafield>
    <datafield ind1=' ' ind2=' ' tag='945'>
      <subfield code='l'>hpbst</subfield>
      <subfield code='g'>1</subfield>
    </datafield>
    <datafield ind1=' ' ind2=' ' tag='998'>
      <subfield code='b'>1</subfield>
      <subfield code='c'>000101</subfield>
      <subfield code='d'>m</subfield>
      <subfield code='e'>a</subfield>
      <subfield code='f'>-</subfield>
      <subfield code='g'>0</subfield>
    </datafield>
  </record>