
  <record>
    <leader>01035cam a2200277ua 4500</leader>
    <controlfield tag='001'>991012107309703811</controlfield>
    <controlfield tag='005'>19990902181103.0</controlfield>
    <controlfield tag='008'>750101c1966    nyu     r    u00000 engsd</controlfield>
    <datafield ind1=' ' ind2=' ' tag='035'>
      <subfield code='a'>(PPT)b21040138-01tuli_inst</subfield>
    </datafield>
    <datafield ind1=' ' ind2=' ' tag='035'>
      <subfield code='a'>30632819</subfield>
      <subfield code='9'>ExL</subfield>
    </datafield>
    <datafield ind1=' ' ind2=' ' tag='040'>
      <subfield code='c'>Charles E. Krausz Library</subfield>
    </datafield>
    <datafield ind1=' ' ind2=' ' tag='049'>
      <subfield code='d'>19750101</subfield>
      <subfield code='v'>1</subfield>
    </datafield>
    <datafield ind1=' ' ind2=' ' tag='096'>
      <subfield code='a'>WE880 B796m 1966</subfield>
    </datafield>
    <datafield ind1='1' ind2='0' tag='100'>
      <subfield code='a'>Brachman, Philip R.</subfield>
    </datafield>
    <datafield ind1='1' ind2='0' tag='245'>
      <subfield code='a'>Mechanical foot therapy.</subfield>
      <subfield code='c'>Brachman, Philip R.</subfield>
    </datafield>
    <datafield ind1=' ' ind2=' ' tag='250'>
      <subfield code='a'>3rd</subfield>
    </datafield>
    <datafield ind1=' ' ind2=' ' tag='260'>
      <subfield code='b'>Podiatry Books</subfield>
      <subfield code='c'>1966</subfield>
    </datafield>
    <datafield ind1=' ' ind2=' ' tag='300'>
      <subfield code='a'>259 p. : ill.</subfield>
    </datafield>
    <datafield ind1=' ' ind2=' ' tag='500'>
      <subfield code='a'>Subtitle:  A practical text book dealing with the mechanical treatment of the foot and its component structures. Bibliography: p. 253-254. Copy 3 is a gift of the Greater Washington Women&apos;s Auxiliary of the American Podiatry Association in memory of Mrs. Katherine Samuels.</subfield>
    </datafield>
    <datafield ind1=' ' ind2='2' tag='650'>
      <subfield code='a'>Foot Diseases</subfield>
      <subfield code='x'>therapy.</subfield>
    </datafield>
    <datafield ind1=' ' ind2='2' tag='650'>
      <subfield code='a'>FOOT DEFORMITIES, CONGENITAL--THERAPY.</subfield>
    </datafield>
    <datafield ind1=' ' ind2='2' tag='650'>
      <subfield code='a'>FOOT DEFORMITIES, ACQUIRED--THERAPY.</subfield>
    </datafield>
    <datafield ind1=' ' ind2='2' tag='650'>
      <subfield code='a'>Shoes.</subfield>
    </datafield>
    <datafield ind1='2' ind2=' ' tag='852'>
      <subfield code='8'>2276303720003811</subfield>
      <subfield code='b'>PODIATRY</subfield>
      <subfield code='c'>stacks</subfield>
      <subfield code='h'>WE880 B796m 1966</subfield>
    </datafield>
    <datafield ind1=' ' ind2=' ' tag='902'>
      <subfield code='a'>100106</subfield>
    </datafield>
    <datafield ind1=' ' ind2=' ' tag='907'>
      <subfield code='a'>.b21040138</subfield>
      <subfield code='b'>hp   </subfield>
      <subfield code='c'>-</subfield>
    </datafield>
    <datafield ind1=' ' ind2=' ' tag='935'>
      <subfield code='a'>(CD )30632819</subfield>
    </datafield>
    <datafield ind1=' ' ind2=' ' tag='945'>
      <subfield code='l'>hpbst</subfield>
      <subfield code='g'>1</subfield>
    </datafield>
    <datafield ind1=' ' ind2=' ' tag='998'>
      <subfield code='b'>1</subfield>
      <subfield code='c'>000101</subfield>
      <subfield code='d'>m</subfield>
      <subfield code='e'>a</subfield>
      <subfield code='f'>-</subfield>
      <subfield code='g'>0</subfield>
    </datafield>
  </record>