
  <record>
    <leader>01260nam a22003130  4500</leader>
    <controlfield tag='001'>991012107539703811</controlfield>
    <controlfield tag='008'>830928r19831938cauc          00011 eng  </controlfield>
    <datafield ind1=' ' ind2=' ' tag='010'>
      <subfield code='a'>82024412</subfield>
    </datafield>
    <datafield ind1=' ' ind2=' ' tag='020'>
      <subfield code='a'>0876855540 (pbk.)</subfield>
    </datafield>
    <datafield ind1=' ' ind2=' ' tag='020'>
      <subfield code='a'>0876855559 (hard)</subfield>
    </datafield>
    <datafield ind1=' ' ind2=' ' tag='020'>
      <subfield code='a'>0876855567 (signed ed.)</subfield>
    </datafield>
    <datafield ind1=' ' ind2=' ' tag='035'>
      <subfield code='a'>(PPT)b1251326x-01tuli_inst</subfield>
    </datafield>
    <datafield ind1=' ' ind2=' ' tag='035'>
      <subfield code='a'>ocn471187087</subfield>
      <subfield code='9'>ExL</subfield>
    </datafield>
    <datafield ind1=' ' ind2=' ' tag='035'>
      <subfield code='a'>PATG83-B30715</subfield>
    </datafield>
    <datafield ind1=' ' ind2=' ' tag='040'>
      <subfield code='d'>PPT</subfield>
    </datafield>
    <datafield ind1=' ' ind2=' ' tag='079'>
      <subfield code='a'>ocm09112184</subfield>
    </datafield>
    <datafield ind1=' ' ind2=' ' tag='090'>
      <subfield code='a'>PS3511.A594W3 1983</subfield>
    </datafield>
    <datafield ind1='1' ind2='0' tag='100'>
      <subfield code='a'>Fante, John,</subfield>
      <subfield code='d'>1909-</subfield>
    </datafield>
    <datafield ind1='1' ind2='0' tag='245'>
      <subfield code='a'>Wait until spring, Bandini /</subfield>
      <subfield code='c'>John Fante.</subfield>
    </datafield>
    <datafield ind1=' ' ind2=' ' tag='260'>
      <subfield code='a'>Santa Barbara :</subfield>
      <subfield code='b'>Black Sparrow Press,</subfield>
      <subfield code='c'>1983, c1938.</subfield>
    </datafield>
    <datafield ind1=' ' ind2=' ' tag='300'>
      <subfield code='a'>265 p. :</subfield>
      <subfield code='b'>port. ;</subfield>
      <subfield code='c'>23 cm.</subfield>
    </datafield>
    <datafield ind1=' ' ind2=' ' tag='500'>
      <subfield code='a'>Reprint. Originally published: New York : Stackpole, 1938.</subfield>
    </datafield>
    <datafield ind1='2' ind2=' ' tag='710'>
      <subfield code='a'>Black Sparrow Press,</subfield>
      <subfield code='e'>publisher.</subfield>
    </datafield>
    <datafield ind1='0' ind2=' ' tag='852'>
      <subfield code='8'>22139394800003811</subfield>
      <subfield code='b'>SCRC</subfield>
      <subfield code='c'>rarestacks</subfield>
      <subfield code='h'>PS3511.A594W3 1983</subfield>
    </datafield>
    <datafield ind1=' ' ind2=' ' tag='902'>
      <subfield code='a'>160318</subfield>
    </datafield>
    <datafield ind1=' ' ind2=' ' tag='907'>
      <subfield code='a'>.b1251326x</subfield>
      <subfield code='b'>s    </subfield>
      <subfield code='c'>-</subfield>
    </datafield>
    <datafield ind1=' ' ind2=' ' tag='935'>
      <subfield code='a'>00268362</subfield>
    </datafield>
    <datafield ind1=' ' ind2=' ' tag='945'>
      <subfield code='l'>sccc </subfield>
      <subfield code='g'>1</subfield>
    </datafield>
    <datafield ind1=' ' ind2=' ' tag='950'>
      <subfield code='l'>CCC</subfield>
      <subfield code='n'>&quot;This edition is published in paper wrappers; there are 500 cloth trade copies; 200 hardcover copies have been numbered and signed by the author; &amp; 26 lettered copies have been handbound in boards by Earle Gray &amp; are signed by John Fante.&quot; This copy not lettered, numbered or signed.</subfield>
      <subfield code='i'>09/28/83 C</subfield>
    </datafield>
    <datafield ind1=' ' ind2=' ' tag='955'>
      <subfield code='l'>CCC</subfield>
      <subfield code='i'>09/28/83 C</subfield>
    </datafield>
    <datafield ind1=' ' ind2=' ' tag='998'>
      <subfield code='b'>1</subfield>
      <subfield code='c'>990101</subfield>
      <subfield code='d'>m</subfield>
      <subfield code='e'>a</subfield>
      <subfield code='f'>-</subfield>
      <subfield code='g'>0</subfield>
    </datafield>
    <datafield ind1=' ' ind2=' ' tag='998'>
      <subfield code='a'>09/28/83</subfield>
      <subfield code='t'>c</subfield>
      <subfield code='s'>9110</subfield>
      <subfield code='n'>PPT</subfield>
      <subfield code='w'>DCLC8224412B</subfield>
      <subfield code='d'>09/28/83</subfield>
      <subfield code='c'>GK</subfield>
      <subfield code='b'>BK</subfield>
      <subfield code='i'>830928</subfield>
      <subfield code='l'>PATG</subfield>
    </datafield>
  </record>