
  <record>
    <leader>00735cam a2200253ua 4500</leader>
    <controlfield tag='001'>991012108639703811</controlfield>
    <controlfield tag='005'>19990902181103.0</controlfield>
    <controlfield tag='008'>750101c1969    nyu     r    u00000 engsd</controlfield>
    <datafield ind1=' ' ind2=' ' tag='035'>
      <subfield code='a'>(PPT)b21040503-01tuli_inst</subfield>
    </datafield>
    <datafield ind1=' ' ind2=' ' tag='035'>
      <subfield code='a'>30633111</subfield>
      <subfield code='9'>ExL</subfield>
    </datafield>
    <datafield ind1=' ' ind2=' ' tag='040'>
      <subfield code='c'>Charles E. Krausz Library</subfield>
    </datafield>
    <datafield ind1=' ' ind2=' ' tag='049'>
      <subfield code='d'>19750101</subfield>
      <subfield code='v'>1</subfield>
    </datafield>
    <datafield ind1=' ' ind2=' ' tag='096'>
      <subfield code='a'>WF652 P26 1969</subfield>
    </datafield>
    <datafield ind1='1' ind2='0' tag='100'>
      <subfield code='a'>Papys, J.</subfield>
    </datafield>
    <datafield ind1='1' ind2='0' tag='245'>
      <subfield code='a'>Hypersensitivity diseases of the lungs due to fungi and organic dusts.</subfield>
      <subfield code='c'>Papys, J.</subfield>
    </datafield>
    <datafield ind1=' ' ind2=' ' tag='260'>
      <subfield code='b'>Karger</subfield>
      <subfield code='c'>1969</subfield>
    </datafield>
    <datafield ind1=' ' ind2=' ' tag='300'>
      <subfield code='a'>viii, 147 p. : ill.</subfield>
    </datafield>
    <datafield ind1=' ' ind2='0' tag='440'>
      <subfield code='a'>Monographs in allergy ; v.4</subfield>
    </datafield>
    <datafield ind1=' ' ind2=' ' tag='500'>
      <subfield code='a'>Bibliography: p. 136-147.</subfield>
    </datafield>
    <datafield ind1=' ' ind2='2' tag='650'>
      <subfield code='a'>Hypersensitivity.</subfield>
    </datafield>
    <datafield ind1=' ' ind2='2' tag='650'>
      <subfield code='a'>Lung Diseases, Fungal.</subfield>
    </datafield>
    <datafield ind1='2' ind2=' ' tag='852'>
      <subfield code='8'>2276437410003811</subfield>
      <subfield code='b'>PODIATRY</subfield>
      <subfield code='c'>stacks</subfield>
      <subfield code='h'>WF652 P26 1969</subfield>
    </datafield>
    <datafield ind1=' ' ind2=' ' tag='902'>
      <subfield code='a'>100106</subfield>
    </datafield>
    <datafield ind1=' ' ind2=' ' tag='907'>
      <subfield code='a'>.b21040503</subfield>
      <subfield code='b'>hp   </subfield>
      <subfield code='c'>-</subfield>
    </datafield>
    <datafield ind1=' ' ind2=' ' tag='935'>
      <subfield code='a'>(CD )30633111</subfield>
    </datafield>
    <datafield ind1=' ' ind2=' ' tag='945'>
      <subfield code='l'>hpbst</subfield>
      <subfield code='g'>1</subfield>
    </datafield>
    <datafield ind1=' ' ind2=' ' tag='998'>
      <subfield code='b'>1</subfield>
      <subfield code='c'>000101</subfield>
      <subfield code='d'>m</subfield>
      <subfield code='e'>a</subfield>
      <subfield code='f'>-</subfield>
      <subfield code='g'>0</subfield>
    </datafield>
  </record>