
  <record>
    <leader>01880cam a2200313 a 4500</leader>
    <controlfield tag='001'>991012115639703811</controlfield>
    <controlfield tag='005'>20031118124805.0</controlfield>
    <controlfield tag='008'>030626s2003    enk      b    001 0 eng  </controlfield>
    <datafield ind1=' ' ind2=' ' tag='020'>
      <subfield code='a'>1405116358</subfield>
    </datafield>
    <datafield ind1=' ' ind2=' ' tag='035'>
      <subfield code='a'>(PPT)b29721283-01tuli_inst</subfield>
    </datafield>
    <datafield ind1=' ' ind2=' ' tag='035'>
      <subfield code='a'>ocn490864044</subfield>
      <subfield code='9'>ExL</subfield>
    </datafield>
    <datafield ind1=' ' ind2=' ' tag='035'>
      <subfield code='a'>PPTb29721283 </subfield>
    </datafield>
    <datafield ind1=' ' ind2=' ' tag='040'>
      <subfield code='a'>UKM</subfield>
      <subfield code='c'>UKM</subfield>
      <subfield code='d'>MIA</subfield>
      <subfield code='d'>UNA</subfield>
      <subfield code='d'>OUN</subfield>
      <subfield code='d'>PPT</subfield>
    </datafield>
    <datafield ind1=' ' ind2=' ' tag='079'>
      <subfield code='a'>ocn316421486</subfield>
    </datafield>
    <datafield ind1=' ' ind2=' ' tag='090'>
      <subfield code='a'>JV6255</subfield>
      <subfield code='b'>.P655x 2003</subfield>
    </datafield>
    <datafield ind1='0' ind2='4' tag='245'>
      <subfield code='a'>The politics of migration :</subfield>
      <subfield code='b'>managing opportunity, conflict and change /</subfield>
      <subfield code='c'>edited by Sarah Spencer.</subfield>
    </datafield>
    <datafield ind1=' ' ind2=' ' tag='260'>
      <subfield code='a'>Oxford :</subfield>
      <subfield code='b'>Blackwell,</subfield>
      <subfield code='c'>c2003.</subfield>
    </datafield>
    <datafield ind1=' ' ind2=' ' tag='300'>
      <subfield code='a'>vii, 213 p. ;</subfield>
      <subfield code='c'>25 cm.</subfield>
    </datafield>
    <datafield ind1=' ' ind2=' ' tag='504'>
      <subfield code='a'>Includes bibliographical references and index.</subfield>
    </datafield>
    <datafield ind1='0' ind2=' ' tag='505'>
      <subfield code='a'>Migration to Europe since 1945: its history and its lessons / Randall Hansen -- Managing rapid and deep change in the newest age of migration / Demetrios G. Papademetriou -- The economic impact of labour migration / Mark Kleinman -- Refugees and the global politics of asylum / Jeff Crisp -- The closing of the European gates? The new populist parties of Europe / John Lloyd -- Muslims and the politics of difference / Tariq Modood -- The politics of European Union migration policy / Claude Moraes -- The politics of US immigration reform / Susan Martin -- Migration and the welfare state in Europe / Andrew Geddes -- Understanding anti-asylum rhetoric: restrictive politics or racist publics? / Paul Statham -- Immigration and the politics of public opinion / Shamit Saggar -- Immigration, citizenship, multiculturalism: exploring the links / Will Kymlicka.</subfield>
    </datafield>
    <datafield ind1=' ' ind2='0' tag='650'>
      <subfield code='a'>Emigration and immigration</subfield>
      <subfield code='x'>Political aspects.</subfield>
    </datafield>
    <datafield ind1=' ' ind2='0' tag='650'>
      <subfield code='a'>Emigration and immigration</subfield>
      <subfield code='x'>Government policy.</subfield>
    </datafield>
    <datafield ind1=' ' ind2='0' tag='650'>
      <subfield code='a'>Immigrants</subfield>
      <subfield code='x'>Government policy.</subfield>
    </datafield>
    <datafield ind1=' ' ind2='0' tag='650'>
      <subfield code='a'>Refugees</subfield>
      <subfield code='x'>Government policy.</subfield>
    </datafield>
    <datafield ind1=' ' ind2='0' tag='650'>
      <subfield code='a'>National security.</subfield>
    </datafield>
    <datafield ind1='1' ind2=' ' tag='700'>
      <subfield code='a'>Spencer, Sarah.</subfield>
    </datafield>
    <datafield ind1=' ' ind2=' ' tag='902'>
      <subfield code='a'>160425</subfield>
    </datafield>
    <datafield ind1=' ' ind2=' ' tag='907'>
      <subfield code='a'>.b29721283</subfield>
      <subfield code='b'>p    </subfield>
      <subfield code='c'>-</subfield>
    </datafield>
    <datafield ind1=' ' ind2=' ' tag='945'>
      <subfield code='l'>pstk </subfield>
      <subfield code='g'>1</subfield>
    </datafield>
    <datafield ind1=' ' ind2=' ' tag='998'>
      <subfield code='b'>0</subfield>
      <subfield code='c'>060621</subfield>
      <subfield code='d'>m</subfield>
      <subfield code='e'>a</subfield>
      <subfield code='f'>-</subfield>
      <subfield code='g'>4</subfield>
    </datafield>
    <datafield ind1=' ' ind2=' ' tag='998'>
      <subfield code='a'>06/21/06</subfield>
      <subfield code='s'>RLIN</subfield>
      <subfield code='c'>RM</subfield>
    </datafield>
  </record>