
  <record>
    <leader>01402nam a22003730  4500</leader>
    <controlfield tag='001'>991012118999703811</controlfield>
    <controlfield tag='008'>830929s1983    riua     b    00010 eng  </controlfield>
    <datafield ind1=' ' ind2=' ' tag='010'>
      <subfield code='a'>82024488</subfield>
    </datafield>
    <datafield ind1=' ' ind2=' ' tag='020'>
      <subfield code='a'>0821845098</subfield>
    </datafield>
    <datafield ind1=' ' ind2=' ' tag='035'>
      <subfield code='a'>(PPT)b12515644-01tuli_inst</subfield>
    </datafield>
    <datafield ind1=' ' ind2=' ' tag='035'>
      <subfield code='a'>ocn471187322</subfield>
      <subfield code='9'>ExL</subfield>
    </datafield>
    <datafield ind1=' ' ind2=' ' tag='035'>
      <subfield code='a'>PATG83-B31010</subfield>
    </datafield>
    <datafield ind1=' ' ind2=' ' tag='040'>
      <subfield code='d'>PPT</subfield>
    </datafield>
    <datafield ind1='1' ind2=' ' tag='041'>
      <subfield code='a'>engrus</subfield>
    </datafield>
    <datafield ind1=' ' ind2=' ' tag='079'>
      <subfield code='a'>ocm09197046</subfield>
    </datafield>
    <datafield ind1=' ' ind2=' ' tag='090'>
      <subfield code='a'>QA3.T75 v.55</subfield>
    </datafield>
    <datafield ind1='1' ind2='0' tag='100'>
      <subfield code='a'>Rozhdestvenskiĭ, B. L.</subfield>
      <subfield code='q'>(Boris Leonidovich)</subfield>
    </datafield>
    <datafield ind1='0' ind2='0' tag='240'>
      <subfield code='a'>Sistemy kvazilineĭnykh uravneniĭ i ikh prilozhenii︠a︡ k gazovĭ dinamike.</subfield>
      <subfield code='l'>English</subfield>
    </datafield>
    <datafield ind1='1' ind2='0' tag='245'>
      <subfield code='a'>Systems of quasilinear equations and their applications to gas dynamics /</subfield>
      <subfield code='c'>by B.L. Rozdestvenskiĭ and N.N. Janenko.</subfield>
    </datafield>
    <datafield ind1=' ' ind2=' ' tag='250'>
      <subfield code='a'>[2nd ed.]</subfield>
    </datafield>
    <datafield ind1=' ' ind2=' ' tag='260'>
      <subfield code='a'>Providence, R.I. :</subfield>
      <subfield code='b'>American Mathematical Society,</subfield>
      <subfield code='c'>c1983.</subfield>
    </datafield>
    <datafield ind1=' ' ind2=' ' tag='300'>
      <subfield code='a'>xx, 676 p. :</subfield>
      <subfield code='b'>ill. ;</subfield>
      <subfield code='c'>24 cm.</subfield>
    </datafield>
    <datafield ind1=' ' ind2='0' tag='440'>
      <subfield code='a'>Translations of mathematical monographs,</subfield>
      <subfield code='x'>0065-9282 ;</subfield>
      <subfield code='v'>v. 55</subfield>
    </datafield>
    <datafield ind1=' ' ind2=' ' tag='500'>
      <subfield code='a'>Translation of: Sistemy kvazilineĭnykh uravneniĭ i ikh prilozhenii︠a︡ k gazovoĭ dinamike.</subfield>
    </datafield>
    <datafield ind1=' ' ind2=' ' tag='504'>
      <subfield code='a'>Bibliography: p. 659-676.</subfield>
    </datafield>
    <datafield ind1=' ' ind2='0' tag='650'>
      <subfield code='a'>Differential equations, Partial.</subfield>
    </datafield>
    <datafield ind1=' ' ind2='0' tag='650'>
      <subfield code='a'>Gas dynamics.</subfield>
    </datafield>
    <datafield ind1='1' ind2='0' tag='700'>
      <subfield code='a'>I︠A︡nenko, N. N.</subfield>
      <subfield code='q'>(Nikolaĭ Nikolaevich)</subfield>
    </datafield>
    <datafield ind1='0' ind2=' ' tag='852'>
      <subfield code='8'>22141603270003811</subfield>
      <subfield code='b'>MAIN</subfield>
      <subfield code='c'>stacks</subfield>
      <subfield code='h'>QA3.T75 v.55</subfield>
    </datafield>
    <datafield ind1=' ' ind2=' ' tag='902'>
      <subfield code='a'>160106</subfield>
    </datafield>
    <datafield ind1=' ' ind2=' ' tag='907'>
      <subfield code='a'>.b12515644</subfield>
      <subfield code='b'>p    </subfield>
      <subfield code='c'>-</subfield>
    </datafield>
    <datafield ind1=' ' ind2=' ' tag='935'>
      <subfield code='a'>00268622</subfield>
    </datafield>
    <datafield ind1=' ' ind2=' ' tag='945'>
      <subfield code='l'>pstk </subfield>
      <subfield code='g'>1</subfield>
    </datafield>
    <datafield ind1=' ' ind2=' ' tag='950'>
      <subfield code='l'>MATH</subfield>
      <subfield code='i'>09/29/83 C</subfield>
    </datafield>
    <datafield ind1=' ' ind2=' ' tag='955'>
      <subfield code='l'>MATH</subfield>
      <subfield code='i'>09/29/83 C</subfield>
    </datafield>
    <datafield ind1=' ' ind2=' ' tag='998'>
      <subfield code='b'>1</subfield>
      <subfield code='c'>990101</subfield>
      <subfield code='d'>m</subfield>
      <subfield code='e'>a</subfield>
      <subfield code='f'>-</subfield>
      <subfield code='g'>0</subfield>
    </datafield>
    <datafield ind1=' ' ind2=' ' tag='998'>
      <subfield code='a'>09/29/83</subfield>
      <subfield code='t'>c</subfield>
      <subfield code='s'>9110</subfield>
      <subfield code='n'>PPT</subfield>
      <subfield code='w'>DCLC8224488B</subfield>
      <subfield code='d'>09/29/83</subfield>
      <subfield code='c'>LL</subfield>
      <subfield code='b'>BK</subfield>
      <subfield code='i'>830929</subfield>
      <subfield code='l'>PATG</subfield>
    </datafield>
  </record>