
  <record>
    <leader>01542cam a2200421 a 4500</leader>
    <controlfield tag='001'>991012119149703811</controlfield>
    <controlfield tag='005'>20060106080012.0</controlfield>
    <controlfield tag='008'>041109s2005    enka     b    101 0 eng  </controlfield>
    <datafield ind1=' ' ind2=' ' tag='010'>
      <subfield code='a'>2004061495</subfield>
    </datafield>
    <datafield ind1=' ' ind2=' ' tag='020'>
      <subfield code='a'>0415348307</subfield>
    </datafield>
    <datafield ind1=' ' ind2=' ' tag='035'>
      <subfield code='a'>(PPT)b2972238x-01tuli_inst</subfield>
    </datafield>
    <datafield ind1=' ' ind2=' ' tag='035'>
      <subfield code='a'>(CStRLIN)ocn490864352</subfield>
      <subfield code='9'>ExL</subfield>
    </datafield>
    <datafield ind1=' ' ind2=' ' tag='035'>
      <subfield code='a'>PPTb2972238x</subfield>
    </datafield>
    <datafield ind1=' ' ind2=' ' tag='040'>
      <subfield code='a'>DLC</subfield>
      <subfield code='c'>DLC</subfield>
      <subfield code='d'>CStRLIN</subfield>
      <subfield code='d'>PPT</subfield>
    </datafield>
    <datafield ind1=' ' ind2=' ' tag='042'>
      <subfield code='a'>pcc</subfield>
    </datafield>
    <datafield ind1=' ' ind2=' ' tag='043'>
      <subfield code='a'>e------</subfield>
      <subfield code='a'>aw-----</subfield>
      <subfield code='a'>ff-----</subfield>
    </datafield>
    <datafield ind1=' ' ind2=' ' tag='079'>
      <subfield code='a'>ocn488822716</subfield>
    </datafield>
    <datafield ind1=' ' ind2=' ' tag='090'>
      <subfield code='a'>JV7590</subfield>
      <subfield code='b'>.A28 2005</subfield>
    </datafield>
    <datafield ind1='1' ind2=' ' tag='100'>
      <subfield code='a'>Al-Shahi, Ahmed.</subfield>
    </datafield>
    <datafield ind1='1' ind2='0' tag='245'>
      <subfield code='a'>Middle East and North African immigrants in Europe /</subfield>
      <subfield code='c'>Ahmed Al-Shahi &amp; Richard Lawless.</subfield>
    </datafield>
    <datafield ind1=' ' ind2=' ' tag='260'>
      <subfield code='a'>London ;</subfield>
      <subfield code='a'>New York :</subfield>
      <subfield code='b'>Routledge,</subfield>
      <subfield code='c'>2005.</subfield>
    </datafield>
    <datafield ind1=' ' ind2=' ' tag='300'>
      <subfield code='a'>xiii, 296 p. :</subfield>
      <subfield code='b'>ill. ;</subfield>
      <subfield code='c'>24 cm. </subfield>
    </datafield>
    <datafield ind1=' ' ind2=' ' tag='500'>
      <subfield code='a'>Special issue of the journal Immigrants and minorities.</subfield>
    </datafield>
    <datafield ind1=' ' ind2=' ' tag='500'>
      <subfield code='a'>Result of a conference held at St. Anthony&apos;s College, Oxford, May 10-11, 2002.</subfield>
    </datafield>
    <datafield ind1=' ' ind2=' ' tag='504'>
      <subfield code='a'>Includes bibliographical references and index.</subfield>
    </datafield>
    <datafield ind1=' ' ind2='0' tag='651'>
      <subfield code='a'>Europe</subfield>
      <subfield code='x'>Emigration and immigration</subfield>
      <subfield code='v'>Congresses.</subfield>
    </datafield>
    <datafield ind1=' ' ind2='0' tag='651'>
      <subfield code='a'>Middle East</subfield>
      <subfield code='x'>Emigration and immigration</subfield>
      <subfield code='v'>Congresses.</subfield>
    </datafield>
    <datafield ind1=' ' ind2='0' tag='651'>
      <subfield code='a'>Africa, North</subfield>
      <subfield code='x'>Emigration and immigration</subfield>
      <subfield code='v'>Congresses.</subfield>
    </datafield>
    <datafield ind1=' ' ind2='0' tag='650'>
      <subfield code='a'>Immigrants</subfield>
      <subfield code='z'>Europe</subfield>
      <subfield code='v'>Congresses.</subfield>
    </datafield>
    <datafield ind1=' ' ind2='0' tag='650'>
      <subfield code='a'>Turks</subfield>
      <subfield code='z'>Europe</subfield>
      <subfield code='v'>Congresses.</subfield>
    </datafield>
    <datafield ind1=' ' ind2='0' tag='650'>
      <subfield code='a'>Muslims</subfield>
      <subfield code='z'>Europe</subfield>
      <subfield code='v'>Congresses.</subfield>
    </datafield>
    <datafield ind1='1' ind2=' ' tag='700'>
      <subfield code='a'>Lawless, Richard I.</subfield>
    </datafield>
    <datafield ind1='0' ind2=' ' tag='730'>
      <subfield code='a'>Immigrants &amp; minorities.</subfield>
    </datafield>
    <datafield ind1=' ' ind2=' ' tag='902'>
      <subfield code='a'>110512</subfield>
    </datafield>
    <datafield ind1=' ' ind2=' ' tag='907'>
      <subfield code='a'>.b2972238x</subfield>
      <subfield code='b'>p    </subfield>
      <subfield code='c'>-</subfield>
    </datafield>
    <datafield ind1=' ' ind2=' ' tag='945'>
      <subfield code='l'>pstk </subfield>
      <subfield code='g'>1</subfield>
    </datafield>
    <datafield ind1=' ' ind2=' ' tag='952'>
      <subfield code='a'>DCLC2004061495-B</subfield>
      <subfield code='b'>Library of Congress</subfield>
      <subfield code='h'>Prepub</subfield>
      <subfield code='i'>LCC</subfield>
      <subfield code='k'>DDC</subfield>
      <subfield code='n'>DLC</subfield>
      <subfield code='p'>PCC</subfield>
      <subfield code='r'>CAT</subfield>
      <subfield code='u'>20041121</subfield>
    </datafield>
    <datafield ind1=' ' ind2=' ' tag='998'>
      <subfield code='b'>0</subfield>
      <subfield code='c'>060601</subfield>
      <subfield code='d'>m</subfield>
      <subfield code='e'>a</subfield>
      <subfield code='f'>-</subfield>
      <subfield code='g'>0</subfield>
    </datafield>
    <datafield ind1=' ' ind2=' ' tag='998'>
      <subfield code='a'>06/01/06</subfield>
      <subfield code='s'>CIP</subfield>
      <subfield code='c'>AT</subfield>
    </datafield>
  </record>