
  <record>
    <leader>01308nam a2200349 a 4500</leader>
    <controlfield tag='001'>991012113149703811</controlfield>
    <controlfield tag='005'>20060105063612.0</controlfield>
    <controlfield tag='008'>060105s2005    mnu      b    100 0 eng d</controlfield>
    <datafield ind1=' ' ind2=' ' tag='035'>
      <subfield code='a'>(PPT)b29720771-01tuli_inst</subfield>
    </datafield>
    <datafield ind1=' ' ind2=' ' tag='035'>
      <subfield code='a'>PATL06-B52</subfield>
    </datafield>
    <datafield ind1=' ' ind2=' ' tag='040'>
      <subfield code='d'>TxU-L</subfield>
      <subfield code='d'>PPT-L</subfield>
    </datafield>
    <datafield ind1=' ' ind2=' ' tag='043'>
      <subfield code='a'>n-us---</subfield>
    </datafield>
    <datafield ind1=' ' ind2=' ' tag='090'>
      <subfield code='a'>KF1446.A32</subfield>
      <subfield code='b'>B56 2005/2006</subfield>
    </datafield>
    <datafield ind1='1' ind2=' ' tag='100'>
      <subfield code='a'>Bloomenthal, Harold S.</subfield>
    </datafield>
    <datafield ind1='1' ind2='0' tag='245'>
      <subfield code='a'>Sarbanes-Oxley Act in perspective /</subfield>
      <subfield code='c'>by Harold S. Bloomenthal.</subfield>
    </datafield>
    <datafield ind1=' ' ind2=' ' tag='250'>
      <subfield code='a'>2005-2006 ed.</subfield>
    </datafield>
    <datafield ind1=' ' ind2=' ' tag='260'>
      <subfield code='a'>[St. Paul, Minn.] :</subfield>
      <subfield code='b'>Thomson/West,</subfield>
      <subfield code='c'>c2005.</subfield>
    </datafield>
    <datafield ind1=' ' ind2=' ' tag='300'>
      <subfield code='a'>xxxvi, 840, [39] p. ;</subfield>
      <subfield code='c'>28 cm.</subfield>
    </datafield>
    <datafield ind1=' ' ind2=' ' tag='504'>
      <subfield code='a'>Includes bibliographical references and index.</subfield>
    </datafield>
    <datafield ind1='1' ind2='0' tag='610'>
      <subfield code='a'>United States.</subfield>
      <subfield code='t'>Sarbanes-Oxley Act of 2002.</subfield>
    </datafield>
    <datafield ind1=' ' ind2='0' tag='650'>
      <subfield code='a'>Corporate governance</subfield>
      <subfield code='x'>Law and legislation</subfield>
      <subfield code='z'>United States.</subfield>
    </datafield>
    <datafield ind1=' ' ind2='0' tag='650'>
      <subfield code='a'>Directors of corporations</subfield>
      <subfield code='x'>Legal status, law, etc.</subfield>
      <subfield code='z'>United States.</subfield>
    </datafield>
    <datafield ind1=' ' ind2='0' tag='650'>
      <subfield code='a'>Securities fraud</subfield>
      <subfield code='z'>United States.</subfield>
    </datafield>
    <datafield ind1=' ' ind2='0' tag='650'>
      <subfield code='a'>Disclosure in accounting</subfield>
      <subfield code='x'>Law and legislation</subfield>
      <subfield code='z'>United States.</subfield>
    </datafield>
    <datafield ind1=' ' ind2='0' tag='650'>
      <subfield code='a'>Auditing, Internal</subfield>
      <subfield code='x'>Law and legislation</subfield>
      <subfield code='z'>United States.</subfield>
    </datafield>
    <datafield ind1='1' ind2='2' tag='710'>
      <subfield code='a'>United States.</subfield>
      <subfield code='t'>Sarbanes-Oxley Act of 2002.</subfield>
    </datafield>
    <datafield ind1=' ' ind2='1' tag='901'>
      <subfield code='a'>KF1446.A32</subfield>
      <subfield code='b'>B56 2005/2006</subfield>
      <subfield code='i'>39074804441061</subfield>
      <subfield code='l'>lstk</subfield>
      <subfield code='t'>051</subfield>
      <subfield code='s'>o</subfield>
      <subfield code='z'>090</subfield>
    </datafield>
    <datafield ind1=' ' ind2=' ' tag='902'>
      <subfield code='a'>160818</subfield>
    </datafield>
    <datafield ind1=' ' ind2=' ' tag='907'>
      <subfield code='a'>.b29720771</subfield>
      <subfield code='b'>l    </subfield>
      <subfield code='c'>-</subfield>
    </datafield>
    <datafield ind1=' ' ind2=' ' tag='907'>
      <subfield code='a'>.b289112627</subfield>
    </datafield>
    <datafield ind1=' ' ind2=' ' tag='945'>
      <subfield code='l'>lstk </subfield>
      <subfield code='g'>1</subfield>
    </datafield>
    <datafield ind1=' ' ind2=' ' tag='998'>
      <subfield code='b'>1</subfield>
      <subfield code='c'>060105</subfield>
      <subfield code='d'>m</subfield>
      <subfield code='e'>a</subfield>
      <subfield code='f'>-</subfield>
      <subfield code='g'>0</subfield>
    </datafield>
    <datafield ind1=' ' ind2=' ' tag='998'>
      <subfield code='b'>1</subfield>
      <subfield code='c'>060105</subfield>
      <subfield code='d'>m</subfield>
      <subfield code='e'>a</subfield>
      <subfield code='f'>-</subfield>
      <subfield code='g'>0</subfield>
    </datafield>
  </record>