
  <record>
    <leader>00940cam a2200301 a 4500</leader>
    <controlfield tag='001'>991012131559703811</controlfield>
    <controlfield tag='005'>20060901104628.0</controlfield>
    <controlfield tag='008'>050802s2005    ii a     b    001 0 eng d</controlfield>
    <datafield ind1=' ' ind2=' ' tag='020'>
      <subfield code='a'>8173196869</subfield>
    </datafield>
    <datafield ind1=' ' ind2=' ' tag='035'>
      <subfield code='a'>(PPT)b29725343-01tuli_inst</subfield>
    </datafield>
    <datafield ind1=' ' ind2=' ' tag='035'>
      <subfield code='a'>ocn490865512</subfield>
      <subfield code='9'>ExL</subfield>
    </datafield>
    <datafield ind1=' ' ind2=' ' tag='035'>
      <subfield code='a'>PPTb29725343 </subfield>
    </datafield>
    <datafield ind1=' ' ind2=' ' tag='040'>
      <subfield code='a'>GUA</subfield>
      <subfield code='c'>GUA</subfield>
      <subfield code='d'>BAKER</subfield>
      <subfield code='d'>CtY</subfield>
      <subfield code='d'>PPT</subfield>
    </datafield>
    <datafield ind1=' ' ind2=' ' tag='079'>
      <subfield code='a'>ocm61191102</subfield>
    </datafield>
    <datafield ind1=' ' ind2=' ' tag='090'>
      <subfield code='a'>SB951.145.N37</subfield>
      <subfield code='b'>G744x 2005</subfield>
    </datafield>
    <datafield ind1='0' ind2='0' tag='245'>
      <subfield code='a'>Green pesticides for insect pest management /</subfield>
      <subfield code='c'>editors, S. Ignacimuthu, S. Jayaraj.</subfield>
    </datafield>
    <datafield ind1=' ' ind2=' ' tag='260'>
      <subfield code='a'>New Delhi :</subfield>
      <subfield code='b'>Narosa,</subfield>
      <subfield code='c'>c2005.</subfield>
    </datafield>
    <datafield ind1=' ' ind2=' ' tag='300'>
      <subfield code='a'>xi, 324 p. :</subfield>
      <subfield code='b'>ill. ;</subfield>
      <subfield code='c'>25 cm.</subfield>
    </datafield>
    <datafield ind1=' ' ind2=' ' tag='504'>
      <subfield code='a'>Includes bibliographical references and index.</subfield>
    </datafield>
    <datafield ind1=' ' ind2='0' tag='650'>
      <subfield code='a'>Natural pesticides.</subfield>
    </datafield>
    <datafield ind1=' ' ind2='0' tag='650'>
      <subfield code='a'>Biological pest control agents.</subfield>
    </datafield>
    <datafield ind1=' ' ind2='0' tag='650'>
      <subfield code='a'>Pests</subfield>
      <subfield code='x'>Biological control.</subfield>
    </datafield>
    <datafield ind1=' ' ind2='0' tag='650'>
      <subfield code='a'>Pesticides</subfield>
      <subfield code='x'>Toxicology.</subfield>
    </datafield>
    <datafield ind1='1' ind2=' ' tag='700'>
      <subfield code='a'>Ignacimuthu, S.</subfield>
    </datafield>
    <datafield ind1='1' ind2=' ' tag='700'>
      <subfield code='a'>Jayaraj, S.</subfield>
    </datafield>
    <datafield ind1='0' ind2=' ' tag='852'>
      <subfield code='8'>22101467460003811</subfield>
      <subfield code='b'>AMBLER</subfield>
      <subfield code='c'>stacks</subfield>
      <subfield code='h'>SB951.145.N37</subfield>
      <subfield code='i'>G744x 2005</subfield>
    </datafield>
    <datafield ind1=' ' ind2=' ' tag='902'>
      <subfield code='a'>110512</subfield>
    </datafield>
    <datafield ind1=' ' ind2=' ' tag='907'>
      <subfield code='a'>.b29725343</subfield>
      <subfield code='b'>a    </subfield>
      <subfield code='c'>-</subfield>
    </datafield>
    <datafield ind1=' ' ind2=' ' tag='945'>
      <subfield code='l'>astk </subfield>
      <subfield code='g'>1</subfield>
    </datafield>
    <datafield ind1=' ' ind2=' ' tag='998'>
      <subfield code='b'>0</subfield>
      <subfield code='c'>060901</subfield>
      <subfield code='d'>m</subfield>
      <subfield code='e'>a</subfield>
      <subfield code='f'>-</subfield>
      <subfield code='g'>0</subfield>
    </datafield>
    <datafield ind1=' ' ind2=' ' tag='998'>
      <subfield code='a'>09/01/06</subfield>
      <subfield code='s'>RLIN</subfield>
      <subfield code='c'>RM</subfield>
    </datafield>
  </record>