
  <record>
    <leader>01044nam a22003130  4500</leader>
    <controlfield tag='001'>991012132889703811</controlfield>
    <controlfield tag='008'>831003s1982    lau      b    00110 eng  </controlfield>
    <datafield ind1=' ' ind2=' ' tag='010'>
      <subfield code='a'>81018594</subfield>
    </datafield>
    <datafield ind1=' ' ind2=' ' tag='020'>
      <subfield code='a'>0807109940</subfield>
    </datafield>
    <datafield ind1=' ' ind2=' ' tag='035'>
      <subfield code='a'>(PPT)b12518669-01tuli_inst</subfield>
    </datafield>
    <datafield ind1=' ' ind2=' ' tag='035'>
      <subfield code='a'>ocn471187622</subfield>
      <subfield code='9'>ExL</subfield>
    </datafield>
    <datafield ind1=' ' ind2=' ' tag='035'>
      <subfield code='a'>PATG83-B31405</subfield>
    </datafield>
    <datafield ind1=' ' ind2=' ' tag='043'>
      <subfield code='a'>n-usu--</subfield>
    </datafield>
    <datafield ind1=' ' ind2=' ' tag='079'>
      <subfield code='a'>ocm07924584</subfield>
    </datafield>
    <datafield ind1=' ' ind2=' ' tag='090'>
      <subfield code='a'>HC107.A13C65 1982</subfield>
    </datafield>
    <datafield ind1='1' ind2='0' tag='100'>
      <subfield code='a'>Cobb, James C.</subfield>
      <subfield code='q'>(James Charles),</subfield>
      <subfield code='d'>1947-</subfield>
    </datafield>
    <datafield ind1='1' ind2='4' tag='245'>
      <subfield code='a'>The selling of the South :</subfield>
      <subfield code='b'>the Southern crusade for industrial development, 1936-1980 /</subfield>
      <subfield code='c'>James C. Cobb.</subfield>
    </datafield>
    <datafield ind1=' ' ind2=' ' tag='260'>
      <subfield code='a'>Baton Rouge :</subfield>
      <subfield code='b'>Louisiana State University Press,</subfield>
      <subfield code='c'>c1982.</subfield>
    </datafield>
    <datafield ind1=' ' ind2=' ' tag='300'>
      <subfield code='a'>xii, 293 p. ;</subfield>
      <subfield code='c'>24 cm.</subfield>
    </datafield>
    <datafield ind1=' ' ind2=' ' tag='500'>
      <subfield code='a'>Includes index.</subfield>
    </datafield>
    <datafield ind1=' ' ind2=' ' tag='504'>
      <subfield code='a'>Bibliography: p. [269]-286.</subfield>
    </datafield>
    <datafield ind1=' ' ind2='0' tag='650'>
      <subfield code='a'>Industrial promotion</subfield>
      <subfield code='z'>Southern States.</subfield>
    </datafield>
    <datafield ind1=' ' ind2='0' tag='651'>
      <subfield code='a'>Southern States</subfield>
      <subfield code='x'>Economic conditions</subfield>
      <subfield code='y'>1918-</subfield>
    </datafield>
    <datafield ind1='0' ind2=' ' tag='852'>
      <subfield code='8'>2289187040003811</subfield>
      <subfield code='b'>MAIN</subfield>
      <subfield code='c'>stacks</subfield>
      <subfield code='h'>HC107.A13C65 1982</subfield>
    </datafield>
    <datafield ind1=' ' ind2=' ' tag='902'>
      <subfield code='a'>130424</subfield>
    </datafield>
    <datafield ind1=' ' ind2=' ' tag='907'>
      <subfield code='a'>.b12518669</subfield>
      <subfield code='b'>p    </subfield>
      <subfield code='c'>-</subfield>
    </datafield>
    <datafield ind1=' ' ind2=' ' tag='935'>
      <subfield code='a'>00268940</subfield>
    </datafield>
    <datafield ind1=' ' ind2=' ' tag='945'>
      <subfield code='l'>pstk </subfield>
      <subfield code='g'>1</subfield>
    </datafield>
    <datafield ind1=' ' ind2=' ' tag='950'>
      <subfield code='l'>P</subfield>
      <subfield code='i'>10/03/83 C</subfield>
    </datafield>
    <datafield ind1=' ' ind2=' ' tag='955'>
      <subfield code='l'>P</subfield>
      <subfield code='i'>10/03/83 C</subfield>
    </datafield>
    <datafield ind1=' ' ind2=' ' tag='998'>
      <subfield code='b'>1</subfield>
      <subfield code='c'>990101</subfield>
      <subfield code='d'>m</subfield>
      <subfield code='e'>a</subfield>
      <subfield code='f'>-</subfield>
      <subfield code='g'>4</subfield>
    </datafield>
    <datafield ind1=' ' ind2=' ' tag='998'>
      <subfield code='a'>10/03/83</subfield>
      <subfield code='t'>c</subfield>
      <subfield code='s'>9110</subfield>
      <subfield code='n'>PPT</subfield>
      <subfield code='w'>MIUG82B29961</subfield>
      <subfield code='d'>10/03/83</subfield>
      <subfield code='c'>RF</subfield>
      <subfield code='b'>BK</subfield>
      <subfield code='i'>831003</subfield>
      <subfield code='l'>PATG</subfield>
    </datafield>
  </record>