
  <record>
    <leader>00847cam a2200253ua 4500</leader>
    <controlfield tag='001'>991012136409703811</controlfield>
    <controlfield tag='005'>19990902181103.0</controlfield>
    <controlfield tag='008'>830101c1983    nyu     r    u00000 engsd</controlfield>
    <datafield ind1=' ' ind2=' ' tag='035'>
      <subfield code='a'>(PPT)b21059834-01tuli_inst</subfield>
    </datafield>
    <datafield ind1=' ' ind2=' ' tag='035'>
      <subfield code='a'>30387137</subfield>
      <subfield code='9'>ExL</subfield>
    </datafield>
    <datafield ind1=' ' ind2=' ' tag='040'>
      <subfield code='c'>Charles E. Krausz Library</subfield>
    </datafield>
    <datafield ind1=' ' ind2=' ' tag='049'>
      <subfield code='a'>V/T</subfield>
      <subfield code='d'>19830101</subfield>
      <subfield code='v'>1</subfield>
    </datafield>
    <datafield ind1=' ' ind2=' ' tag='096'>
      <subfield code='a'>WO101 A517 1983</subfield>
    </datafield>
    <datafield ind1='1' ind2='0' tag='100'>
      <subfield code='a'>Ruch, John A.</subfield>
    </datafield>
    <datafield ind1='1' ind2='0' tag='245'>
      <subfield code='a'>Anatomic dissection in hallux abducto valgus.</subfield>
      <subfield code='c'>Ruch, John A.</subfield>
    </datafield>
    <datafield ind1=' ' ind2=' ' tag='260'>
      <subfield code='b'>Podiatry Institute, Doctor&apos;s Hospital</subfield>
      <subfield code='c'>1983</subfield>
    </datafield>
    <datafield ind1=' ' ind2=' ' tag='300'>
      <subfield code='a'>1 videocassette : 25 min.</subfield>
    </datafield>
    <datafield ind1=' ' ind2='2' tag='650'>
      <subfield code='a'>DISSECTION--VIDEOCASSETTES.</subfield>
    </datafield>
    <datafield ind1=' ' ind2='2' tag='650'>
      <subfield code='a'>HALLUX VALGUS--SURGERY--VIDEOCASSETTES.</subfield>
    </datafield>
    <datafield ind1=' ' ind2='2' tag='650'>
      <subfield code='a'>HALLUX VALGUS--ANATOMY AND HISTOLOGY--VIDEOCASSETTES.</subfield>
    </datafield>
    <datafield ind1=' ' ind2='0' tag='830'>
      <subfield code='a'>Doctors Hospital Podiatric Education &amp; Research Institute.</subfield>
    </datafield>
    <datafield ind1='2' ind2=' ' tag='852'>
      <subfield code='8'>22133698270003811</subfield>
      <subfield code='b'>PODIATRY</subfield>
      <subfield code='c'>media</subfield>
      <subfield code='h'>WO101 A517 1983</subfield>
    </datafield>
    <datafield ind1=' ' ind2=' ' tag='902'>
      <subfield code='a'>160818</subfield>
    </datafield>
    <datafield ind1=' ' ind2=' ' tag='907'>
      <subfield code='a'>.b21059834</subfield>
      <subfield code='b'>hp   </subfield>
      <subfield code='c'>n</subfield>
    </datafield>
    <datafield ind1=' ' ind2=' ' tag='935'>
      <subfield code='a'>(CD )30387137</subfield>
    </datafield>
    <datafield ind1=' ' ind2=' ' tag='945'>
      <subfield code='l'>hpvid</subfield>
      <subfield code='g'>1</subfield>
    </datafield>
    <datafield ind1=' ' ind2=' ' tag='998'>
      <subfield code='b'>1</subfield>
      <subfield code='c'>000101</subfield>
      <subfield code='d'>m</subfield>
      <subfield code='e'>3</subfield>
      <subfield code='f'>n</subfield>
      <subfield code='g'>0</subfield>
    </datafield>
  </record>