
  <record>
    <leader>00824cam a2200265ua 4500</leader>
    <controlfield tag='001'>991012143389703811</controlfield>
    <controlfield tag='005'>19990902181103.0</controlfield>
    <controlfield tag='008'>850101c1985    nyu     r    u00000 engsd</controlfield>
    <datafield ind1=' ' ind2=' ' tag='035'>
      <subfield code='a'>(PPT)b21061294-01tuli_inst</subfield>
    </datafield>
    <datafield ind1=' ' ind2=' ' tag='035'>
      <subfield code='a'>30635399</subfield>
      <subfield code='9'>ExL</subfield>
    </datafield>
    <datafield ind1=' ' ind2=' ' tag='040'>
      <subfield code='c'>Charles E. Krausz Library</subfield>
    </datafield>
    <datafield ind1=' ' ind2=' ' tag='049'>
      <subfield code='a'>V/T</subfield>
      <subfield code='d'>19850101</subfield>
      <subfield code='v'>1</subfield>
    </datafield>
    <datafield ind1=' ' ind2=' ' tag='096'>
      <subfield code='a'>WA320 P39 1985</subfield>
    </datafield>
    <datafield ind1='1' ind2='0' tag='100'>
      <subfield code='a'>Krugman, Richard D.,</subfield>
      <subfield code='d'>1942-</subfield>
    </datafield>
    <datafield ind1='1' ind2='0' tag='245'>
      <subfield code='a'>Physical and sexual abuse of children.</subfield>
      <subfield code='c'>Krugman, Richard D.</subfield>
    </datafield>
    <datafield ind1=' ' ind2=' ' tag='260'>
      <subfield code='b'>Network for Continuing Medical Education</subfield>
      <subfield code='c'>1985</subfield>
    </datafield>
    <datafield ind1=' ' ind2=' ' tag='300'>
      <subfield code='a'>1 videocassette : 50 min.</subfield>
    </datafield>
    <datafield ind1=' ' ind2='0' tag='440'>
      <subfield code='a'>NCME Telecourse ; no. 456</subfield>
    </datafield>
    <datafield ind1=' ' ind2='2' tag='650'>
      <subfield code='a'>CHILD ABUSE--VIDEOCASSETTES.</subfield>
    </datafield>
    <datafield ind1=' ' ind2='2' tag='650'>
      <subfield code='a'>CHILD ABUSE, SEXUAL--VIDEOCASSETTES.</subfield>
    </datafield>
    <datafield ind1='1' ind2='0' tag='700'>
      <subfield code='a'>Bross, Donald C.</subfield>
    </datafield>
    <datafield ind1='1' ind2='0' tag='700'>
      <subfield code='a'>Rosenberg, Donna.</subfield>
    </datafield>
    <datafield ind1='2' ind2=' ' tag='852'>
      <subfield code='8'>22144235280003811</subfield>
      <subfield code='b'>PODIATRY</subfield>
      <subfield code='c'>media</subfield>
      <subfield code='h'>WA320 P39 1985</subfield>
    </datafield>
    <datafield ind1=' ' ind2=' ' tag='902'>
      <subfield code='a'>160601</subfield>
    </datafield>
    <datafield ind1=' ' ind2=' ' tag='907'>
      <subfield code='a'>.b21061294</subfield>
      <subfield code='b'>hp   </subfield>
      <subfield code='c'>n</subfield>
    </datafield>
    <datafield ind1=' ' ind2=' ' tag='935'>
      <subfield code='a'>(CD )30635399</subfield>
    </datafield>
    <datafield ind1=' ' ind2=' ' tag='945'>
      <subfield code='l'>hpvid</subfield>
      <subfield code='g'>1</subfield>
    </datafield>
    <datafield ind1=' ' ind2=' ' tag='998'>
      <subfield code='b'>1</subfield>
      <subfield code='c'>000101</subfield>
      <subfield code='d'>m</subfield>
      <subfield code='e'>3</subfield>
      <subfield code='f'>n</subfield>
      <subfield code='g'>0</subfield>
    </datafield>
  </record>