
  <record>
    <leader>01169cam a2200337 a 4500</leader>
    <controlfield tag='001'>991012154269703811</controlfield>
    <controlfield tag='008'>060628s2005    ii ab    b    000 0 eng  </controlfield>
    <datafield ind1=' ' ind2=' ' tag='020'>
      <subfield code='a'>0195675908 (pbk.)</subfield>
    </datafield>
    <datafield ind1=' ' ind2=' ' tag='035'>
      <subfield code='a'>(PPT)b29729750-01tuli_inst</subfield>
    </datafield>
    <datafield ind1=' ' ind2=' ' tag='035'>
      <subfield code='a'>ocn490867762</subfield>
      <subfield code='9'>ExL</subfield>
    </datafield>
    <datafield ind1=' ' ind2=' ' tag='035'>
      <subfield code='a'>PPTb29729750</subfield>
    </datafield>
    <datafield ind1=' ' ind2=' ' tag='040'>
      <subfield code='a'>PPT</subfield>
      <subfield code='c'>PPT</subfield>
    </datafield>
    <datafield ind1=' ' ind2=' ' tag='043'>
      <subfield code='a'>a-ii---</subfield>
    </datafield>
    <datafield ind1=' ' ind2=' ' tag='079'>
      <subfield code='a'>ocm58998756</subfield>
    </datafield>
    <datafield ind1=' ' ind2=' ' tag='090'>
      <subfield code='a'>NA6008.S3</subfield>
      <subfield code='b'>D44 2005</subfield>
    </datafield>
    <datafield ind1='1' ind2=' ' tag='100'>
      <subfield code='a'>Dhavalikar, M. K.</subfield>
      <subfield code='q'>(Madhukar Keshav),</subfield>
      <subfield code='d'>1930-</subfield>
    </datafield>
    <datafield ind1='1' ind2='0' tag='245'>
      <subfield code='a'>Sanchi /</subfield>
      <subfield code='c'>M.K. Dhavalikar.</subfield>
    </datafield>
    <datafield ind1=' ' ind2=' ' tag='260'>
      <subfield code='a'>New Delhi :</subfield>
      <subfield code='b'>Oxford University Press,</subfield>
      <subfield code='c'>2005.</subfield>
    </datafield>
    <datafield ind1=' ' ind2=' ' tag='300'>
      <subfield code='a'>xii, 121, [1] p. :</subfield>
      <subfield code='b'>ill., map ;</subfield>
      <subfield code='c'>22 cm.</subfield>
    </datafield>
    <datafield ind1=' ' ind2='0' tag='440'>
      <subfield code='a'>Oxford India paperbacks.</subfield>
    </datafield>
    <datafield ind1=' ' ind2='0' tag='440'>
      <subfield code='a'>Monumental legacy.</subfield>
    </datafield>
    <datafield ind1=' ' ind2=' ' tag='504'>
      <subfield code='a'>Includes bibliographical references (p. [122]).</subfield>
    </datafield>
    <datafield ind1=' ' ind2='0' tag='650'>
      <subfield code='a'>Stūpas</subfield>
      <subfield code='z'>India</subfield>
      <subfield code='z'>Sānchi Site.</subfield>
    </datafield>
    <datafield ind1=' ' ind2='0' tag='650'>
      <subfield code='a'>Buddhist sculpture</subfield>
      <subfield code='z'>India</subfield>
      <subfield code='z'>Sānchi Site.</subfield>
    </datafield>
    <datafield ind1=' ' ind2='0' tag='650'>
      <subfield code='a'>Buddhist art</subfield>
      <subfield code='z'>India</subfield>
      <subfield code='z'>Sānchi Site.</subfield>
    </datafield>
    <datafield ind1=' ' ind2='0' tag='651'>
      <subfield code='a'>Sānchi Site (India)</subfield>
      <subfield code='x'>Buildings, structures, etc.</subfield>
    </datafield>
    <datafield ind1=' ' ind2='0' tag='650'>
      <subfield code='a'>Art and religion</subfield>
      <subfield code='z'>India</subfield>
      <subfield code='z'>Sānchi Site.</subfield>
    </datafield>
    <datafield ind1='4' ind2='1' tag='856'>
      <subfield code='z'>Access Table of contents.</subfield>
      <subfield code='u'>http://www.loc.gov/catdir/toc/fy043/2003306398.html</subfield>
    </datafield>
    <datafield ind1=' ' ind2=' ' tag='902'>
      <subfield code='a'>160106</subfield>
    </datafield>
    <datafield ind1=' ' ind2=' ' tag='907'>
      <subfield code='a'>.b29729750</subfield>
      <subfield code='b'>p    </subfield>
      <subfield code='c'>-</subfield>
    </datafield>
    <datafield ind1=' ' ind2=' ' tag='945'>
      <subfield code='l'>pstk </subfield>
      <subfield code='g'>1</subfield>
    </datafield>
    <datafield ind1=' ' ind2=' ' tag='998'>
      <subfield code='b'>0</subfield>
      <subfield code='c'>060628</subfield>
      <subfield code='d'>m</subfield>
      <subfield code='e'>a</subfield>
      <subfield code='f'>-</subfield>
      <subfield code='g'>0</subfield>
    </datafield>
    <datafield ind1=' ' ind2=' ' tag='998'>
      <subfield code='a'>06/28/06</subfield>
      <subfield code='s'>RLIN</subfield>
      <subfield code='c'>DH</subfield>
    </datafield>
  </record>