
  <record>
    <leader>02139nam a2200433Ia 4500</leader>
    <controlfield tag='001'>991012162129703811</controlfield>
    <controlfield tag='005'>20051128165834.0</controlfield>
    <controlfield tag='006'>m        d f      </controlfield>
    <controlfield tag='007'>cr mn|||||||||</controlfield>
    <controlfield tag='008'>051128s2005    dcu     sb   f000 0 eng d</controlfield>
    <datafield ind1=' ' ind2=' ' tag='035'>
      <subfield code='a'>(PPT)b2973146x-01tuli_inst</subfield>
    </datafield>
    <datafield ind1=' ' ind2=' ' tag='035'>
      <subfield code='a'>(OCoLC)ocm62355504 </subfield>
      <subfield code='9'>ExL</subfield>
    </datafield>
    <datafield ind1=' ' ind2=' ' tag='037'>
      <subfield code='b'>GAO (202)512-6000 (voice); (202)512-6061 (Fax); (202)512-2537 (TDD)</subfield>
      <subfield code='f'>paper copy</subfield>
    </datafield>
    <datafield ind1=' ' ind2=' ' tag='040'>
      <subfield code='a'>GPO</subfield>
      <subfield code='c'>GPO</subfield>
      <subfield code='d'>MvI</subfield>
    </datafield>
    <datafield ind1=' ' ind2=' ' tag='043'>
      <subfield code='a'>n-us---</subfield>
    </datafield>
    <datafield ind1=' ' ind2=' ' tag='074'>
      <subfield code='a'>0546-D-01 (online)</subfield>
    </datafield>
    <datafield ind1=' ' ind2=' ' tag='086'>
      <subfield code='a'>GA 1.5/2:GAO-05-1031 T</subfield>
    </datafield>
    <datafield ind1='0' ind2=' ' tag='086'>
      <subfield code='a'>GA 1.5/2:GAO-05-1031 T</subfield>
    </datafield>
    <datafield ind1='1' ind2=' ' tag='100'>
      <subfield code='a'>Martin, Robert E.</subfield>
    </datafield>
    <datafield ind1='1' ind2='0' tag='245'>
      <subfield code='a'>Managerial cost accounting practices</subfield>
      <subfield code='h'>[electronic resource] :</subfield>
      <subfield code='b'>Department of Labor and Veterans Affairs : testimony before the Subcommittee on Government Management, Finance, and Accountability, Committee on Government Reform, House of Representatives /</subfield>
      <subfield code='c'>statement of Robert E. Martin.</subfield>
    </datafield>
    <datafield ind1=' ' ind2=' ' tag='260'>
      <subfield code='a'>[Washington, D.C.] :</subfield>
      <subfield code='b'>U.S. Government Accountability Office,</subfield>
      <subfield code='c'>[2005]</subfield>
    </datafield>
    <datafield ind1=' ' ind2=' ' tag='300'>
      <subfield code='a'>9 p. :</subfield>
      <subfield code='b'>digital, PDF file.</subfield>
    </datafield>
    <datafield ind1=' ' ind2='0' tag='440'>
      <subfield code='a'>Testimony ;</subfield>
      <subfield code='v'>GAO-05-1031 T</subfield>
    </datafield>
    <datafield ind1=' ' ind2=' ' tag='538'>
      <subfield code='a'>Mode of access: Internet from GPO Access web site. Address as of 11/22/05: http://frwebgate.access.gpo.gov/cgi-bin/getdoc.cgi?dbname=gao&amp;docid=f:d051031t.pdf; current access available via PURL.</subfield>
    </datafield>
    <datafield ind1=' ' ind2=' ' tag='500'>
      <subfield code='a'>Title from title screen (viewed on Nov. 22, 2005).</subfield>
    </datafield>
    <datafield ind1=' ' ind2=' ' tag='500'>
      <subfield code='a'>&quot;For release ... September 21, 2005.&quot;</subfield>
    </datafield>
    <datafield ind1=' ' ind2=' ' tag='500'>
      <subfield code='a'>Paper version available from: U.S. Government Accountability Office, 441 G St., NW, Rm. LM, Washington, D.C. 20548.</subfield>
    </datafield>
    <datafield ind1=' ' ind2=' ' tag='504'>
      <subfield code='a'>Includes bibliographical references.</subfield>
    </datafield>
    <datafield ind1='1' ind2='0' tag='610'>
      <subfield code='a'>United States.</subfield>
      <subfield code='b'>Dept. of Labor</subfield>
      <subfield code='x'>Accounting.</subfield>
    </datafield>
    <datafield ind1='1' ind2='0' tag='610'>
      <subfield code='a'>United States.</subfield>
      <subfield code='b'>Dept. of Veterans Affairs</subfield>
      <subfield code='x'>Accounting.</subfield>
    </datafield>
    <datafield ind1=' ' ind2='0' tag='650'>
      <subfield code='a'>Managerial accounting</subfield>
      <subfield code='z'>United States.</subfield>
    </datafield>
    <datafield ind1='1' ind2=' ' tag='710'>
      <subfield code='a'>United States.</subfield>
      <subfield code='b'>Congress.</subfield>
      <subfield code='b'>House.</subfield>
      <subfield code='b'>Committee on Government Reform.</subfield>
      <subfield code='b'>Subcommittee on Government Management, Finance, and Accountability.</subfield>
    </datafield>
    <datafield ind1='1' ind2=' ' tag='710'>
      <subfield code='a'>United States.</subfield>
      <subfield code='b'>Government Accountability Office.</subfield>
    </datafield>
    <datafield ind1='4' ind2='0' tag='856'>
      <subfield code='u'>http://purl.access.gpo.gov/GPO/LPS64877</subfield>
    </datafield>
    <datafield ind1=' ' ind2=' ' tag='902'>
      <subfield code='a'>111007</subfield>
    </datafield>
    <datafield ind1=' ' ind2=' ' tag='902'>
      <subfield code='a'>e-resources trial</subfield>
    </datafield>
    <datafield ind1=' ' ind2=' ' tag='907'>
      <subfield code='a'>.b2973146x</subfield>
      <subfield code='b'>gweb </subfield>
      <subfield code='c'>-</subfield>
    </datafield>
    <datafield ind1=' ' ind2=' ' tag='935'>
      <subfield code='a'>ocm62355504</subfield>
    </datafield>
    <datafield ind1=' ' ind2=' ' tag='945'>
      <subfield code='l'>gweb </subfield>
      <subfield code='g'>1</subfield>
    </datafield>
    <datafield ind1=' ' ind2=' ' tag='998'>
      <subfield code='b'>1</subfield>
      <subfield code='c'>050114</subfield>
      <subfield code='d'>m</subfield>
      <subfield code='e'>m</subfield>
      <subfield code='f'>-</subfield>
      <subfield code='g'>0</subfield>
    </datafield>
  </record>