
  <record>
    <leader>00940nam a2200313 a 4500</leader>
    <controlfield tag='001'>991012158789703811</controlfield>
    <controlfield tag='005'>20060110075056.0</controlfield>
    <controlfield tag='008'>040507s2005    caua     b    001 0 eng  </controlfield>
    <datafield ind1=' ' ind2=' ' tag='010'>
      <subfield code='a'>2004043051</subfield>
    </datafield>
    <datafield ind1=' ' ind2=' ' tag='020'>
      <subfield code='a'>1891389289 (alk. paper)</subfield>
    </datafield>
    <datafield ind1=' ' ind2=' ' tag='035'>
      <subfield code='a'>(PPT)b29730806-01tuli_inst</subfield>
    </datafield>
    <datafield ind1=' ' ind2=' ' tag='035'>
      <subfield code='a'>(CStRLIN)ocn490868150</subfield>
      <subfield code='9'>ExL</subfield>
    </datafield>
    <datafield ind1=' ' ind2=' ' tag='035'>
      <subfield code='a'>PPTb29730806</subfield>
    </datafield>
    <datafield ind1=' ' ind2=' ' tag='040'>
      <subfield code='a'>DLC</subfield>
      <subfield code='c'>DLC</subfield>
      <subfield code='d'>PPT</subfield>
    </datafield>
    <datafield ind1=' ' ind2=' ' tag='042'>
      <subfield code='a'>pcc</subfield>
    </datafield>
    <datafield ind1=' ' ind2=' ' tag='079'>
      <subfield code='a'>ocm56964223</subfield>
    </datafield>
    <datafield ind1=' ' ind2=' ' tag='090'>
      <subfield code='a'>QH447</subfield>
      <subfield code='b'>.B57 2005</subfield>
    </datafield>
    <datafield ind1='1' ind2=' ' tag='100'>
      <subfield code='a'>Blake, R. D.</subfield>
      <subfield code='q'>(Richard D.),</subfield>
      <subfield code='d'>1932-</subfield>
    </datafield>
    <datafield ind1='1' ind2='0' tag='245'>
      <subfield code='a'>Informational biopolymers of genes and gene expression /</subfield>
      <subfield code='c'>R.D. Blake.</subfield>
    </datafield>
    <datafield ind1=' ' ind2=' ' tag='260'>
      <subfield code='a'>Sansalito, CA :</subfield>
      <subfield code='b'>University Science,</subfield>
      <subfield code='c'>c2005.</subfield>
    </datafield>
    <datafield ind1=' ' ind2=' ' tag='300'>
      <subfield code='a'>xxii, 778 p. :</subfield>
      <subfield code='b'>ill. (some col.) ;</subfield>
      <subfield code='c'>26 cm.</subfield>
    </datafield>
    <datafield ind1=' ' ind2=' ' tag='504'>
      <subfield code='a'>Includes bibliographical references and index.</subfield>
    </datafield>
    <datafield ind1=' ' ind2='0' tag='650'>
      <subfield code='a'>Genes.</subfield>
    </datafield>
    <datafield ind1=' ' ind2='0' tag='650'>
      <subfield code='a'>Gene expression.</subfield>
    </datafield>
    <datafield ind1=' ' ind2='0' tag='650'>
      <subfield code='a'>Information theory in biology.</subfield>
    </datafield>
    <datafield ind1=' ' ind2=' ' tag='902'>
      <subfield code='a'>110512</subfield>
    </datafield>
    <datafield ind1=' ' ind2=' ' tag='907'>
      <subfield code='a'>.b29730806</subfield>
      <subfield code='b'>p    </subfield>
      <subfield code='c'>-</subfield>
    </datafield>
    <datafield ind1=' ' ind2=' ' tag='945'>
      <subfield code='l'>pstk </subfield>
      <subfield code='g'>1</subfield>
    </datafield>
    <datafield ind1=' ' ind2=' ' tag='998'>
      <subfield code='b'>0</subfield>
      <subfield code='c'>060222</subfield>
      <subfield code='d'>m</subfield>
      <subfield code='e'>a</subfield>
      <subfield code='f'>-</subfield>
      <subfield code='g'>0</subfield>
    </datafield>
    <datafield ind1=' ' ind2=' ' tag='998'>
      <subfield code='a'>02/22/06</subfield>
      <subfield code='s'>CIP</subfield>
      <subfield code='c'>AT</subfield>
    </datafield>
  </record>