
  <record>
    <leader>00997cam a22003010  4500</leader>
    <controlfield tag='001'>991012165119703811</controlfield>
    <controlfield tag='008'>831006s1940    nyu           00010 eng  </controlfield>
    <datafield ind1=' ' ind2=' ' tag='010'>
      <subfield code='a'>41051526</subfield>
    </datafield>
    <datafield ind1=' ' ind2=' ' tag='035'>
      <subfield code='a'>(PPT)b12525327-01tuli_inst</subfield>
    </datafield>
    <datafield ind1=' ' ind2=' ' tag='035'>
      <subfield code='a'>ocn471188302</subfield>
      <subfield code='9'>ExL</subfield>
    </datafield>
    <datafield ind1=' ' ind2=' ' tag='035'>
      <subfield code='a'>PATG83-B32120</subfield>
    </datafield>
    <datafield ind1=' ' ind2=' ' tag='040'>
      <subfield code='c'>NN</subfield>
      <subfield code='d'>NN</subfield>
      <subfield code='d'>PPT</subfield>
    </datafield>
    <datafield ind1=' ' ind2=' ' tag='079'>
      <subfield code='a'>ocm00552438</subfield>
    </datafield>
    <datafield ind1=' ' ind2=' ' tag='090'>
      <subfield code='a'>DS889.B65</subfield>
    </datafield>
    <datafield ind1='1' ind2='0' tag='100'>
      <subfield code='a'>Borton, Hugh.</subfield>
    </datafield>
    <datafield ind1='1' ind2='0' tag='245'>
      <subfield code='a'>Japan since 1931, its political and social developments,</subfield>
      <subfield code='c'>by Hugh Borton.</subfield>
    </datafield>
    <datafield ind1=' ' ind2=' ' tag='260'>
      <subfield code='a'>New York,</subfield>
      <subfield code='b'>International Secretariat, Institute of Pacific Relations,</subfield>
      <subfield code='c'>1940.</subfield>
    </datafield>
    <datafield ind1=' ' ind2=' ' tag='300'>
      <subfield code='a'>xii, 149 p.</subfield>
      <subfield code='c'>24 cm.</subfield>
    </datafield>
    <datafield ind1='0' ind2=' ' tag='490'>
      <subfield code='a'>I. P. R. inquiry series.</subfield>
    </datafield>
    <datafield ind1=' ' ind2=' ' tag='500'>
      <subfield code='a'>&quot;Bibliographical note&quot;: p. 131-137.</subfield>
    </datafield>
    <datafield ind1=' ' ind2='0' tag='651'>
      <subfield code='a'>Japan</subfield>
      <subfield code='x'>Politics and government</subfield>
      <subfield code='y'>1912-1945.</subfield>
    </datafield>
    <datafield ind1=' ' ind2='0' tag='651'>
      <subfield code='a'>Japan</subfield>
      <subfield code='x'>Social conditions.</subfield>
    </datafield>
    <datafield ind1=' ' ind2='0' tag='651'>
      <subfield code='a'>Japan</subfield>
      <subfield code='x'>Economic conditions</subfield>
      <subfield code='y'>1918-1945.</subfield>
    </datafield>
    <datafield ind1='0' ind2=' ' tag='852'>
      <subfield code='8'>22122598960003811</subfield>
      <subfield code='b'>MAIN</subfield>
      <subfield code='c'>stacks</subfield>
      <subfield code='h'>DS889.B65</subfield>
    </datafield>
    <datafield ind1=' ' ind2=' ' tag='902'>
      <subfield code='a'>100506</subfield>
    </datafield>
    <datafield ind1=' ' ind2=' ' tag='907'>
      <subfield code='a'>.b12525327</subfield>
      <subfield code='b'>p    </subfield>
      <subfield code='c'>-</subfield>
    </datafield>
    <datafield ind1=' ' ind2=' ' tag='935'>
      <subfield code='a'>00269630</subfield>
    </datafield>
    <datafield ind1=' ' ind2=' ' tag='945'>
      <subfield code='l'>pstk </subfield>
      <subfield code='g'>1</subfield>
    </datafield>
    <datafield ind1=' ' ind2=' ' tag='950'>
      <subfield code='l'>P</subfield>
    </datafield>
    <datafield ind1=' ' ind2=' ' tag='998'>
      <subfield code='b'>1</subfield>
      <subfield code='c'>990101</subfield>
      <subfield code='d'>m</subfield>
      <subfield code='e'>a</subfield>
      <subfield code='f'>-</subfield>
      <subfield code='g'>0</subfield>
    </datafield>
    <datafield ind1=' ' ind2=' ' tag='998'>
      <subfield code='a'>10/18/83</subfield>
      <subfield code='t'>c</subfield>
      <subfield code='s'>9125</subfield>
      <subfield code='n'>PPT</subfield>
      <subfield code='w'>NYPG734347950B</subfield>
      <subfield code='d'>10/06/83</subfield>
      <subfield code='b'>XXX</subfield>
      <subfield code='i'>831018</subfield>
      <subfield code='h'>831006</subfield>
      <subfield code='l'>PATG</subfield>
    </datafield>
  </record>