
  <record>
    <leader>02170nam a2200469 a 4500</leader>
    <controlfield tag='001'>991012165469703811</controlfield>
    <controlfield tag='005'>20051208162307.0</controlfield>
    <controlfield tag='006'>m        d f      </controlfield>
    <controlfield tag='007'>cr mn|||||||||</controlfield>
    <controlfield tag='008'>051208s2005    dcua    sb   f000 0 eng c</controlfield>
    <datafield ind1=' ' ind2=' ' tag='035'>
      <subfield code='a'>(PPT)b29732116-01tuli_inst</subfield>
    </datafield>
    <datafield ind1=' ' ind2=' ' tag='035'>
      <subfield code='a'>(OCoLC)ocm62512568 </subfield>
      <subfield code='9'>ExL</subfield>
    </datafield>
    <datafield ind1=' ' ind2=' ' tag='037'>
      <subfield code='b'>GAO (202)512-6000 (voice); (202)512-6061 (Fax); (202)512-2537 (TDD)</subfield>
      <subfield code='f'>paper copy</subfield>
    </datafield>
    <datafield ind1=' ' ind2=' ' tag='040'>
      <subfield code='a'>GPO</subfield>
      <subfield code='c'>GPO</subfield>
      <subfield code='d'>MvI</subfield>
    </datafield>
    <datafield ind1=' ' ind2=' ' tag='042'>
      <subfield code='a'>pcc</subfield>
    </datafield>
    <datafield ind1=' ' ind2=' ' tag='043'>
      <subfield code='a'>n-us---</subfield>
    </datafield>
    <datafield ind1=' ' ind2=' ' tag='074'>
      <subfield code='a'>0546-D (online)</subfield>
    </datafield>
    <datafield ind1=' ' ind2=' ' tag='086'>
      <subfield code='a'>GA 1.13:GAO-06-60</subfield>
    </datafield>
    <datafield ind1='0' ind2=' ' tag='086'>
      <subfield code='a'>GA 1.13:GAO-06-60</subfield>
    </datafield>
    <datafield ind1=' ' ind2=' ' tag='088'>
      <subfield code='a'>GAO-06-60</subfield>
    </datafield>
    <datafield ind1='1' ind2=' ' tag='110'>
      <subfield code='a'>United States.</subfield>
      <subfield code='b'>Government Accountability Office.</subfield>
    </datafield>
    <datafield ind1='1' ind2='0' tag='245'>
      <subfield code='a'>Military personnel</subfield>
      <subfield code='h'>[electronic resource] :</subfield>
      <subfield code='b'>federal management of servicemember employment rights can be further improved : report to the Ranking Minority Member, Committee on Health, Education, Labor, and Pensions, U.S. Senate.</subfield>
    </datafield>
    <datafield ind1='3' ind2='0' tag='246'>
      <subfield code='a'>Federal management of servicemember employment rights can be further improved</subfield>
    </datafield>
    <datafield ind1='1' ind2='7' tag='246'>
      <subfield code='a'>USERRA employment rights</subfield>
    </datafield>
    <datafield ind1=' ' ind2=' ' tag='260'>
      <subfield code='a'>[Washington, D.C.] :</subfield>
      <subfield code='b'>U.S. Government Accountability Office,</subfield>
      <subfield code='c'>[2005]</subfield>
    </datafield>
    <datafield ind1=' ' ind2=' ' tag='300'>
      <subfield code='a'>ii, 81 p. :</subfield>
      <subfield code='b'>digital, PDF file.</subfield>
    </datafield>
    <datafield ind1=' ' ind2=' ' tag='538'>
      <subfield code='a'>Mode of access: Internet from GPO Access web site. Address as of 11/14/05: http://frwebgate.access.gpo.gov/cgi-bin/getdoc.cgi?dbname=gao&amp;docid=f:d0660.pdf; current access available via PURL.</subfield>
    </datafield>
    <datafield ind1=' ' ind2=' ' tag='500'>
      <subfield code='a'>Title from title screen (viewed on Nov. 14, 2005).</subfield>
    </datafield>
    <datafield ind1=' ' ind2=' ' tag='500'>
      <subfield code='a'>&quot;October 2005.&quot;</subfield>
    </datafield>
    <datafield ind1=' ' ind2=' ' tag='500'>
      <subfield code='a'>Paper version available from: U.S. Government Accountability Office, 441 G St., NW, Rm. LM, Washington, D.C. 20548.</subfield>
    </datafield>
    <datafield ind1=' ' ind2=' ' tag='504'>
      <subfield code='a'>Includes bibliographical references.</subfield>
    </datafield>
    <datafield ind1=' ' ind2=' ' tag='500'>
      <subfield code='a'>&quot;GAO-06-60.&quot;</subfield>
    </datafield>
    <datafield ind1='1' ind2='0' tag='610'>
      <subfield code='a'>United States.</subfield>
      <subfield code='t'>Uniformed Services Employment and Reemployment Rights Act of 1994.</subfield>
    </datafield>
    <datafield ind1=' ' ind2='0' tag='650'>
      <subfield code='a'>Veterans</subfield>
      <subfield code='x'>Employment</subfield>
      <subfield code='z'>United States.</subfield>
    </datafield>
    <datafield ind1=' ' ind2='0' tag='650'>
      <subfield code='a'>Veterans</subfield>
      <subfield code='x'>Legal status, laws, etc.</subfield>
      <subfield code='z'>United States.</subfield>
    </datafield>
    <datafield ind1='1' ind2=' ' tag='710'>
      <subfield code='a'>United States.</subfield>
      <subfield code='b'>Congress.</subfield>
      <subfield code='b'>Senate.</subfield>
      <subfield code='b'>Committee on Health, Education, Labor, and Pensions.</subfield>
    </datafield>
    <datafield ind1='4' ind2='0' tag='856'>
      <subfield code='u'>http://purl.access.gpo.gov/GPO/LPS65137</subfield>
    </datafield>
    <datafield ind1=' ' ind2=' ' tag='902'>
      <subfield code='a'>111007</subfield>
    </datafield>
    <datafield ind1=' ' ind2=' ' tag='902'>
      <subfield code='a'>e-resources trial</subfield>
    </datafield>
    <datafield ind1=' ' ind2=' ' tag='907'>
      <subfield code='a'>.b29732116</subfield>
      <subfield code='b'>gweb </subfield>
      <subfield code='c'>-</subfield>
    </datafield>
    <datafield ind1=' ' ind2=' ' tag='935'>
      <subfield code='a'>ocm62512568</subfield>
    </datafield>
    <datafield ind1=' ' ind2=' ' tag='945'>
      <subfield code='l'>gweb </subfield>
      <subfield code='g'>1</subfield>
    </datafield>
    <datafield ind1=' ' ind2=' ' tag='998'>
      <subfield code='b'>1</subfield>
      <subfield code='c'>050114</subfield>
      <subfield code='d'>m</subfield>
      <subfield code='e'>m</subfield>
      <subfield code='f'>-</subfield>
      <subfield code='g'>0</subfield>
    </datafield>
  </record>