
  <record>
    <leader>03485cam a22005777i 4500</leader>
    <controlfield tag='001'>991012169279703811</controlfield>
    <controlfield tag='005'>20160524114642.0</controlfield>
    <controlfield tag='008'>150417s2015    enk      b    001 0 eng d</controlfield>
    <datafield ind1=' ' ind2=' ' tag='010'>
      <subfield code='a'>2015939042</subfield>
    </datafield>
    <datafield ind1=' ' ind2=' ' tag='020'>
      <subfield code='a'>9780198728771</subfield>
    </datafield>
    <datafield ind1=' ' ind2=' ' tag='020'>
      <subfield code='a'>0198728778</subfield>
    </datafield>
    <datafield ind1=' ' ind2=' ' tag='035'>
      <subfield code='a'>(PPT)b61299182-01tuli_inst</subfield>
    </datafield>
    <datafield ind1=' ' ind2=' ' tag='035'>
      <subfield code='a'>(OCoLC)913852781</subfield>
      <subfield code='z'>(OCoLC)920852351</subfield>
    </datafield>
    <datafield ind1=' ' ind2=' ' tag='040'>
      <subfield code='a'>ERASA</subfield>
      <subfield code='b'>eng</subfield>
      <subfield code='e'>rda</subfield>
      <subfield code='c'>ERASA</subfield>
      <subfield code='d'>DLC</subfield>
      <subfield code='d'>BTCTA</subfield>
      <subfield code='d'>YDXCP</subfield>
      <subfield code='d'>CDX</subfield>
      <subfield code='d'>NLE</subfield>
      <subfield code='d'>OCLCF</subfield>
      <subfield code='d'>KAT</subfield>
      <subfield code='d'>S3O</subfield>
      <subfield code='d'>GZM</subfield>
      <subfield code='d'>COO</subfield>
      <subfield code='d'>ORU</subfield>
      <subfield code='d'>ABF</subfield>
      <subfield code='d'>CHVBK</subfield>
    </datafield>
    <datafield ind1='1' ind2=' ' tag='041'>
      <subfield code='a'>eng</subfield>
      <subfield code='h'>ger</subfield>
    </datafield>
    <datafield ind1=' ' ind2=' ' tag='042'>
      <subfield code='a'>lccopycat</subfield>
    </datafield>
    <datafield ind1=' ' ind2=' ' tag='043'>
      <subfield code='a'>a-is---</subfield>
    </datafield>
    <datafield ind1=' ' ind2=' ' tag='079'>
      <subfield code='a'>ocn913852781</subfield>
    </datafield>
    <datafield ind1=' ' ind2=' ' tag='090'>
      <subfield code='a'>BS635.3</subfield>
      <subfield code='b'>.K727 2015</subfield>
    </datafield>
    <datafield ind1='1' ind2=' ' tag='100'>
      <subfield code='a'>Kratz, Reinhard Gregor,</subfield>
      <subfield code='d'>1957-</subfield>
      <subfield code='e'>author.</subfield>
    </datafield>
    <datafield ind1='0' ind2='0' tag='240'>
      <subfield code='a'>Historisches und biblisches Israel.</subfield>
      <subfield code='l'>English</subfield>
    </datafield>
    <datafield ind1='1' ind2='0' tag='245'>
      <subfield code='a'>Historical and Biblical Israel :</subfield>
      <subfield code='b'>the history, tradition, and archives of Israel and Judah /</subfield>
      <subfield code='c'>by Reinhard G. Kratz ; translated by Paul Michael Kurtz.</subfield>
    </datafield>
    <datafield ind1='1' ind2='8' tag='246'>
      <subfield code='a'>Historical &amp; Biblical Israel</subfield>
    </datafield>
    <datafield ind1=' ' ind2=' ' tag='250'>
      <subfield code='a'>First edition.</subfield>
    </datafield>
    <datafield ind1=' ' ind2='1' tag='264'>
      <subfield code='a'>Oxford :</subfield>
      <subfield code='b'>Oxford University Press,</subfield>
      <subfield code='c'>2015.</subfield>
    </datafield>
    <datafield ind1=' ' ind2=' ' tag='300'>
      <subfield code='a'>viii, 280 pages ;</subfield>
      <subfield code='c'>24 cm</subfield>
    </datafield>
    <datafield ind1=' ' ind2=' ' tag='336'>
      <subfield code='a'>text</subfield>
      <subfield code='b'>txt</subfield>
      <subfield code='2'>rdacontent</subfield>
    </datafield>
    <datafield ind1=' ' ind2=' ' tag='337'>
      <subfield code='a'>unmediated</subfield>
      <subfield code='b'>n</subfield>
      <subfield code='2'>rdamedia</subfield>
    </datafield>
    <datafield ind1=' ' ind2=' ' tag='338'>
      <subfield code='a'>volume</subfield>
      <subfield code='b'>nc</subfield>
      <subfield code='2'>rdacarrier</subfield>
    </datafield>
    <datafield ind1=' ' ind2=' ' tag='500'>
      <subfield code='a'>&quot; A revised and enlarged English version of a German book published by Mohr Siebeck, in 2013, entitled Historisches und biblisches Israel: Drei Überblicke zum Alten Testament&quot;--Page v.</subfield>
    </datafield>
    <datafield ind1=' ' ind2=' ' tag='504'>
      <subfield code='a'>Includes bibliographical references (pages [221]-272) and index.</subfield>
    </datafield>
    <datafield ind1='0' ind2=' ' tag='505'>
      <subfield code='a'>The Premises -- The Two Kingdoms -- The Two Provinces -- An Outline of Religious History -- The Premises -- Transformation into Biblical Tradition -- The Books of the Hebrew Bible -- A Sketch of Literary History -- The Locations of Literature -- Between Elephantine and Qumran -- Israel and Judaism.</subfield>
    </datafield>
    <datafield ind1=' ' ind2=' ' tag='520'>
      <subfield code='a'>At the center of this book lies a fundamental yet unanswered question: under which historical and sociological conditions and in which manner the Hebrew Bible became an authoritative tradition, that is, holy scripture and the canon of Judaism as well as Christianity. Reinhard G. Kratz answers this very question by distinguishing between historical and biblical Israel. This foundational and, for the arrangement of the book, crucial distinction affirms that the Israel of biblical tradition, i.e., the sacred history (historia sacra) of the Hebrew Bible, cannot simply be equated with the history of Israel and Judah. Thus, Kratz provides a synthesis of both the Israelite and Judahite history and the genesis and development of biblical tradition in two separate chapters, though each area depends directly and inevitably upon the other.</subfield>
    </datafield>
    <datafield ind1='0' ind2='0' tag='630'>
      <subfield code='a'>Bible.</subfield>
      <subfield code='p'>Old Testament</subfield>
      <subfield code='x'>History of contemporary events.</subfield>
    </datafield>
    <datafield ind1='0' ind2='0' tag='630'>
      <subfield code='a'>Bible.</subfield>
      <subfield code='p'>Old Testament</subfield>
      <subfield code='x'>History of Biblical events.</subfield>
    </datafield>
    <datafield ind1='0' ind2='0' tag='630'>
      <subfield code='a'>Bible</subfield>
      <subfield code='x'>History of Biblical events.</subfield>
    </datafield>
    <datafield ind1='0' ind2='0' tag='630'>
      <subfield code='a'>Bible</subfield>
      <subfield code='x'>History of contemporary events.</subfield>
    </datafield>
    <datafield ind1=' ' ind2='0' tag='650'>
      <subfield code='a'>Jews</subfield>
      <subfield code='x'>History</subfield>
      <subfield code='y'>To 70 A.D.</subfield>
    </datafield>
    <datafield ind1=' ' ind2='0' tag='651'>
      <subfield code='a'>Palestine</subfield>
      <subfield code='x'>History</subfield>
      <subfield code='y'>To 70 A.D.</subfield>
    </datafield>
    <datafield ind1=' ' ind2='0' tag='651'>
      <subfield code='a'>Palestine</subfield>
      <subfield code='x'>In Christianity.</subfield>
    </datafield>
    <datafield ind1='0' ind2='7' tag='630'>
      <subfield code='a'>Bible.</subfield>
      <subfield code='2'>fast</subfield>
      <subfield code='0'>(OCoLC)fst01356024</subfield>
    </datafield>
    <datafield ind1=' ' ind2='7' tag='650'>
      <subfield code='a'>History of Biblical events.</subfield>
      <subfield code='2'>fast</subfield>
      <subfield code='0'>(OCoLC)fst01865053</subfield>
    </datafield>
    <datafield ind1=' ' ind2='7' tag='650'>
      <subfield code='a'>History of contemporary events.</subfield>
      <subfield code='2'>fast</subfield>
      <subfield code='0'>(OCoLC)fst01865054</subfield>
    </datafield>
    <datafield ind1=' ' ind2='7' tag='650'>
      <subfield code='a'>Palestine in Christianity.</subfield>
      <subfield code='2'>fast</subfield>
      <subfield code='0'>(OCoLC)fst01051576</subfield>
    </datafield>
    <datafield ind1=' ' ind2='7' tag='651'>
      <subfield code='a'>Middle East</subfield>
      <subfield code='z'>Palestine.</subfield>
      <subfield code='2'>fast</subfield>
      <subfield code='0'>(OCoLC)fst01207534</subfield>
    </datafield>
    <datafield ind1=' ' ind2='7' tag='648'>
      <subfield code='a'>To 70</subfield>
      <subfield code='2'>fast</subfield>
    </datafield>
    <datafield ind1=' ' ind2='7' tag='655'>
      <subfield code='a'>History.</subfield>
      <subfield code='2'>fast</subfield>
      <subfield code='0'>(OCoLC)fst01411628</subfield>
    </datafield>
    <datafield ind1='0' ind2=' ' tag='852'>
      <subfield code='8'>22117052510003811</subfield>
      <subfield code='b'>MAIN</subfield>
      <subfield code='c'>stacks</subfield>
      <subfield code='h'>BS635.3</subfield>
      <subfield code='i'>.K727 2015</subfield>
    </datafield>
    <datafield ind1=' ' ind2=' ' tag='902'>
      <subfield code='a'>160610</subfield>
    </datafield>
    <datafield ind1=' ' ind2=' ' tag='907'>
      <subfield code='a'>.b61299182</subfield>
      <subfield code='b'>p    </subfield>
      <subfield code='c'>-</subfield>
    </datafield>
    <datafield ind1=' ' ind2=' ' tag='945'>
      <subfield code='l'>pstk </subfield>
      <subfield code='g'>1</subfield>
    </datafield>
    <datafield ind1=' ' ind2=' ' tag='998'>
      <subfield code='b'>1</subfield>
      <subfield code='c'>160524</subfield>
      <subfield code='d'>m</subfield>
      <subfield code='e'>a</subfield>
      <subfield code='f'>-</subfield>
      <subfield code='g'>0</subfield>
    </datafield>
    <datafield ind1=' ' ind2=' ' tag='998'>
      <subfield code='a'>05/24/16</subfield>
      <subfield code='s'>LC</subfield>
      <subfield code='c'>AT</subfield>
    </datafield>
  </record>