
  <record>
    <leader>01320nam a2200373 a 4500</leader>
    <controlfield tag='001'>991012169079703811</controlfield>
    <controlfield tag='005'>20000104103333.0</controlfield>
    <controlfield tag='008'>000104s1999    miua     b   s001 0 eng  </controlfield>
    <datafield ind1=' ' ind2=' ' tag='010'>
      <subfield code='a'>99012719</subfield>
    </datafield>
    <datafield ind1=' ' ind2=' ' tag='020'>
      <subfield code='a'>0472110950 (cloth : alk. paper)</subfield>
    </datafield>
    <datafield ind1=' ' ind2=' ' tag='035'>
      <subfield code='a'>(PPT)b2106684x-01tuli_inst</subfield>
    </datafield>
    <datafield ind1=' ' ind2=' ' tag='035'>
      <subfield code='a'>(CStRLIN)ocn475734528</subfield>
      <subfield code='9'>ExL</subfield>
    </datafield>
    <datafield ind1=' ' ind2=' ' tag='035'>
      <subfield code='a'>PATG00-B74</subfield>
    </datafield>
    <datafield ind1=' ' ind2=' ' tag='040'>
      <subfield code='a'>DLC</subfield>
      <subfield code='c'>DLC</subfield>
      <subfield code='d'>DLC</subfield>
    </datafield>
    <datafield ind1=' ' ind2=' ' tag='079'>
      <subfield code='a'>ocm40820889</subfield>
    </datafield>
    <datafield ind1=' ' ind2=' ' tag='090'>
      <subfield code='a'>HG4027.5</subfield>
      <subfield code='b'>.P644 1999</subfield>
    </datafield>
    <datafield ind1='1' ind2=' ' tag='100'>
      <subfield code='a'>Pollio, Gerald.</subfield>
    </datafield>
    <datafield ind1='1' ind2='0' tag='245'>
      <subfield code='a'>International project analysis and financing /</subfield>
      <subfield code='c'>Gerald Pollio.</subfield>
    </datafield>
    <datafield ind1='1' ind2='8' tag='246'>
      <subfield code='a'>International project analysis &amp; financing</subfield>
    </datafield>
    <datafield ind1=' ' ind2=' ' tag='260'>
      <subfield code='a'>Ann Arbor :</subfield>
      <subfield code='b'>University of Michigan Press,</subfield>
      <subfield code='c'>c1999.</subfield>
    </datafield>
    <datafield ind1=' ' ind2=' ' tag='300'>
      <subfield code='a'>xiii, 235 p. :</subfield>
      <subfield code='b'>ill. ;</subfield>
      <subfield code='c'>24 cm.</subfield>
    </datafield>
    <datafield ind1=' ' ind2=' ' tag='504'>
      <subfield code='a'>Includes bibliographical references (p. 221-226) and index.</subfield>
    </datafield>
    <datafield ind1=' ' ind2='0' tag='650'>
      <subfield code='a'>International business enterprises</subfield>
      <subfield code='x'>Finance.</subfield>
    </datafield>
    <datafield ind1=' ' ind2='0' tag='650'>
      <subfield code='a'>Investment analysis.</subfield>
    </datafield>
    <datafield ind1=' ' ind2='0' tag='650'>
      <subfield code='a'>Capital intensive industries.</subfield>
    </datafield>
    <datafield ind1=' ' ind2='0' tag='650'>
      <subfield code='a'>Mineral industries</subfield>
      <subfield code='x'>Finance</subfield>
      <subfield code='x'>Case studies.</subfield>
    </datafield>
    <datafield ind1=' ' ind2='0' tag='650'>
      <subfield code='a'>Energy industries</subfield>
      <subfield code='x'>Finance</subfield>
      <subfield code='x'>Case studies.</subfield>
    </datafield>
    <datafield ind1=' ' ind2='0' tag='650'>
      <subfield code='a'>Infrastructure (Economics)</subfield>
      <subfield code='x'>Finance</subfield>
      <subfield code='x'>Case studies.</subfield>
    </datafield>
    <datafield ind1='0' ind2=' ' tag='852'>
      <subfield code='8'>2278209980003811</subfield>
      <subfield code='b'>MAIN</subfield>
      <subfield code='c'>stacks</subfield>
      <subfield code='h'>HG4027.5</subfield>
      <subfield code='i'>.P644 1999</subfield>
    </datafield>
    <datafield ind1=' ' ind2='1' tag='901'>
      <subfield code='i'>39074014087845</subfield>
      <subfield code='l'>pstk</subfield>
      <subfield code='a'>HG4027.5</subfield>
      <subfield code='b'>.P644 1999</subfield>
      <subfield code='s'>-</subfield>
      <subfield code='t'>0</subfield>
      <subfield code='z'>090</subfield>
    </datafield>
    <datafield ind1=' ' ind2=' ' tag='902'>
      <subfield code='a'>110512</subfield>
    </datafield>
    <datafield ind1=' ' ind2=' ' tag='907'>
      <subfield code='a'>.b2106684x</subfield>
      <subfield code='b'>p    </subfield>
      <subfield code='c'>-</subfield>
    </datafield>
    <datafield ind1=' ' ind2=' ' tag='945'>
      <subfield code='l'>pstk </subfield>
      <subfield code='g'>1</subfield>
    </datafield>
    <datafield ind1=' ' ind2=' ' tag='950'>
      <subfield code='l'>P</subfield>
    </datafield>
    <datafield ind1=' ' ind2=' ' tag='998'>
      <subfield code='b'>1</subfield>
      <subfield code='c'>000105</subfield>
      <subfield code='d'>m</subfield>
      <subfield code='e'>a</subfield>
      <subfield code='f'>-</subfield>
      <subfield code='g'>0</subfield>
    </datafield>
    <datafield ind1=' ' ind2=' ' tag='998'>
      <subfield code='a'>01/04/00</subfield>
      <subfield code='t'>c</subfield>
      <subfield code='s'>9110</subfield>
      <subfield code='l'>PATG</subfield>
      <subfield code='n'>PPT</subfield>
      <subfield code='w'>DCLC9912719B</subfield>
      <subfield code='d'>01/04/00</subfield>
      <subfield code='b'>YL</subfield>
    </datafield>
  </record>