
  <record>
    <leader>01306nam a2200373 a 4500</leader>
    <controlfield tag='001'>991012169809703811</controlfield>
    <controlfield tag='005'>20000104122843.0</controlfield>
    <controlfield tag='008'>000104s1999    nyuab    b    001 0 eng  </controlfield>
    <datafield ind1=' ' ind2=' ' tag='010'>
      <subfield code='a'>98049764</subfield>
    </datafield>
    <datafield ind1=' ' ind2=' ' tag='020'>
      <subfield code='a'>1571819428 (alk. paper)</subfield>
    </datafield>
    <datafield ind1=' ' ind2=' ' tag='035'>
      <subfield code='a'>(PPT)b21066991-01tuli_inst</subfield>
    </datafield>
    <datafield ind1=' ' ind2=' ' tag='035'>
      <subfield code='a'>(CStRLIN)ocn475734574</subfield>
      <subfield code='9'>ExL</subfield>
    </datafield>
    <datafield ind1=' ' ind2=' ' tag='035'>
      <subfield code='a'>PATG00-B95</subfield>
    </datafield>
    <datafield ind1=' ' ind2=' ' tag='040'>
      <subfield code='a'>DLC</subfield>
      <subfield code='c'>DLC</subfield>
    </datafield>
    <datafield ind1=' ' ind2=' ' tag='043'>
      <subfield code='a'>e-gx---</subfield>
    </datafield>
    <datafield ind1=' ' ind2=' ' tag='079'>
      <subfield code='a'>ocm40305616</subfield>
    </datafield>
    <datafield ind1=' ' ind2=' ' tag='090'>
      <subfield code='a'>DD801.S352</subfield>
      <subfield code='b'>S94 1998</subfield>
    </datafield>
    <datafield ind1='1' ind2=' ' tag='100'>
      <subfield code='a'>Szejnmann, Claus-Christian W.,</subfield>
      <subfield code='d'>1965-</subfield>
    </datafield>
    <datafield ind1='1' ind2='0' tag='245'>
      <subfield code='a'>Nazism in central Germany :</subfield>
      <subfield code='b'>the brownshirts in &apos;red&apos; Saxony /</subfield>
      <subfield code='c'>Claus-Christian W. Szejnmann.</subfield>
    </datafield>
    <datafield ind1=' ' ind2=' ' tag='260'>
      <subfield code='a'>New York :</subfield>
      <subfield code='b'>Berghahn Books,</subfield>
      <subfield code='c'>1999.</subfield>
    </datafield>
    <datafield ind1=' ' ind2=' ' tag='300'>
      <subfield code='a'>xxiv, 312 p. :</subfield>
      <subfield code='b'>ill., 1 map ;</subfield>
      <subfield code='c'>23 cm.</subfield>
    </datafield>
    <datafield ind1=' ' ind2='0' tag='440'>
      <subfield code='a'>Monographs in German history ;</subfield>
      <subfield code='v'>v.4</subfield>
    </datafield>
    <datafield ind1=' ' ind2=' ' tag='504'>
      <subfield code='a'>Includes bibliographical references (p. 277-300) and index.</subfield>
    </datafield>
    <datafield ind1=' ' ind2='0' tag='651'>
      <subfield code='a'>Saxony (Germany)</subfield>
      <subfield code='x'>History</subfield>
      <subfield code='y'>20th century.</subfield>
    </datafield>
    <datafield ind1=' ' ind2='0' tag='650'>
      <subfield code='a'>National socialism</subfield>
      <subfield code='z'>Germany</subfield>
      <subfield code='z'>Saxony.</subfield>
    </datafield>
    <datafield ind1=' ' ind2='0' tag='650'>
      <subfield code='a'>Communists</subfield>
      <subfield code='z'>Germany</subfield>
      <subfield code='z'>Saxony.</subfield>
    </datafield>
    <datafield ind1=' ' ind2='0' tag='650'>
      <subfield code='a'>Fascism</subfield>
      <subfield code='z'>Germany</subfield>
      <subfield code='z'>Saxony.</subfield>
    </datafield>
    <datafield ind1=' ' ind2='0' tag='650'>
      <subfield code='a'>Right and left (Political science)</subfield>
      <subfield code='z'>Germany</subfield>
      <subfield code='z'>Saxony.</subfield>
    </datafield>
    <datafield ind1='0' ind2=' ' tag='852'>
      <subfield code='8'>2277775070003811</subfield>
      <subfield code='b'>MAIN</subfield>
      <subfield code='c'>stacks</subfield>
      <subfield code='h'>DD801.S352</subfield>
      <subfield code='i'>S94 1998</subfield>
    </datafield>
    <datafield ind1=' ' ind2='1' tag='901'>
      <subfield code='i'>39074014088074</subfield>
      <subfield code='l'>pstk</subfield>
      <subfield code='a'>DD801.S352</subfield>
      <subfield code='b'>S94 1998</subfield>
      <subfield code='s'>-</subfield>
      <subfield code='t'>0</subfield>
      <subfield code='z'>090</subfield>
    </datafield>
    <datafield ind1=' ' ind2=' ' tag='902'>
      <subfield code='a'>110512</subfield>
    </datafield>
    <datafield ind1=' ' ind2=' ' tag='907'>
      <subfield code='a'>.b21066991</subfield>
      <subfield code='b'>p    </subfield>
      <subfield code='c'>-</subfield>
    </datafield>
    <datafield ind1=' ' ind2=' ' tag='945'>
      <subfield code='l'>pstk </subfield>
      <subfield code='g'>1</subfield>
    </datafield>
    <datafield ind1=' ' ind2=' ' tag='950'>
      <subfield code='l'>P</subfield>
    </datafield>
    <datafield ind1=' ' ind2=' ' tag='998'>
      <subfield code='b'>1</subfield>
      <subfield code='c'>000105</subfield>
      <subfield code='d'>m</subfield>
      <subfield code='e'>a</subfield>
      <subfield code='f'>-</subfield>
      <subfield code='g'>0</subfield>
    </datafield>
    <datafield ind1=' ' ind2=' ' tag='998'>
      <subfield code='a'>01/04/00</subfield>
      <subfield code='t'>c</subfield>
      <subfield code='s'>9110</subfield>
      <subfield code='l'>PATG</subfield>
      <subfield code='n'>PPT</subfield>
      <subfield code='w'>DCLC9849764B</subfield>
      <subfield code='d'>01/04/00</subfield>
      <subfield code='b'>YL</subfield>
    </datafield>
  </record>