
  <record>
    <leader>01084ntm a2200325 a 4500</leader>
    <controlfield tag='001'>991012179839703811</controlfield>
    <controlfield tag='008'>060110s2004    xx a     b    000 0 eng d</controlfield>
    <datafield ind1=' ' ind2=' ' tag='035'>
      <subfield code='a'>(PPT)b29735671-01tuli_inst</subfield>
    </datafield>
    <datafield ind1=' ' ind2=' ' tag='035'>
      <subfield code='a'>ocn490868261</subfield>
      <subfield code='9'>ExL</subfield>
    </datafield>
    <datafield ind1=' ' ind2=' ' tag='035'>
      <subfield code='a'>PPTb29735671</subfield>
    </datafield>
    <datafield ind1=' ' ind2=' ' tag='040'>
      <subfield code='a'>PPT</subfield>
      <subfield code='c'>PPT</subfield>
    </datafield>
    <datafield ind1=' ' ind2=' ' tag='079'>
      <subfield code='a'>ocm65208027</subfield>
    </datafield>
    <datafield ind1=' ' ind2=' ' tag='099'>
      <subfield code='a'>DISS ST 2004 K686</subfield>
    </datafield>
    <datafield ind1='1' ind2=' ' tag='100'>
      <subfield code='a'>Kotsev, Stanislav N.</subfield>
    </datafield>
    <datafield ind1='1' ind2='0' tag='245'>
      <subfield code='a'>Mean absorption time of a randomly accelerated particle :</subfield>
      <subfield code='b'>results for partially absorbing and inelastic boundaries /</subfield>
      <subfield code='c'>by Stanislav N. Kotsev.</subfield>
    </datafield>
    <datafield ind1=' ' ind2=' ' tag='260'>
      <subfield code='c'>2004.</subfield>
    </datafield>
    <datafield ind1=' ' ind2=' ' tag='300'>
      <subfield code='a'>x, 67 leaves :</subfield>
      <subfield code='b'>ill. ;</subfield>
      <subfield code='c'>28 cm.</subfield>
    </datafield>
    <datafield ind1=' ' ind2=' ' tag='500'>
      <subfield code='a'>Abstract.</subfield>
    </datafield>
    <datafield ind1=' ' ind2=' ' tag='502'>
      <subfield code='a'>Thesis (Ph.D.)--Temple University, 2004.</subfield>
    </datafield>
    <datafield ind1=' ' ind2=' ' tag='504'>
      <subfield code='a'>Includes bibliographical references (leaves 64-67).</subfield>
    </datafield>
    <datafield ind1=' ' ind2='0' tag='650'>
      <subfield code='a'>Particle acceleration.</subfield>
    </datafield>
    <datafield ind1=' ' ind2='0' tag='650'>
      <subfield code='a'>Collisions (Nuclear physics)</subfield>
    </datafield>
    <datafield ind1=' ' ind2='0' tag='650'>
      <subfield code='a'>Random walks (Mathematics)</subfield>
    </datafield>
    <datafield ind1=' ' ind2='4' tag='690'>
      <subfield code='a'>Physics</subfield>
      <subfield code='x'>Temple University theses.</subfield>
    </datafield>
    <datafield ind1=' ' ind2='4' tag='690'>
      <subfield code='a'>Temple University</subfield>
      <subfield code='x'>Theses.</subfield>
    </datafield>
    <datafield ind1=' ' ind2=' ' tag='902'>
      <subfield code='a'>130919</subfield>
    </datafield>
    <datafield ind1=' ' ind2=' ' tag='907'>
      <subfield code='a'>.b29735671</subfield>
      <subfield code='b'>multi</subfield>
      <subfield code='c'>-</subfield>
    </datafield>
    <datafield ind1=' ' ind2=' ' tag='945'>
      <subfield code='l'>kmicr</subfield>
      <subfield code='g'>1</subfield>
    </datafield>
    <datafield ind1=' ' ind2=' ' tag='945'>
      <subfield code='l'>kdis </subfield>
      <subfield code='a'>Shelved by author</subfield>
      <subfield code='g'>1</subfield>
    </datafield>
    <datafield ind1=' ' ind2=' ' tag='945'>
      <subfield code='l'>stem </subfield>
      <subfield code='g'>1</subfield>
    </datafield>
    <datafield ind1=' ' ind2=' ' tag='998'>
      <subfield code='b'>3</subfield>
      <subfield code='c'>060126</subfield>
      <subfield code='d'>m</subfield>
      <subfield code='e'>a</subfield>
      <subfield code='f'>-</subfield>
      <subfield code='g'>0</subfield>
    </datafield>
    <datafield ind1=' ' ind2=' ' tag='998'>
      <subfield code='a'>01/10/06</subfield>
      <subfield code='s'>DISS</subfield>
      <subfield code='s'>DH</subfield>
    </datafield>
  </record>