
  <record>
    <leader>01898nam a2200457 a 4500</leader>
    <controlfield tag='001'>991012177359703811</controlfield>
    <controlfield tag='005'>20051207145839.0</controlfield>
    <controlfield tag='008'>051207s2005    dcua     b   f000 0 eng c</controlfield>
    <datafield ind1=' ' ind2=' ' tag='020'>
      <subfield code='a'>0160750768</subfield>
    </datafield>
    <datafield ind1=' ' ind2=' ' tag='035'>
      <subfield code='a'>(PPT)b29734824-01tuli_inst</subfield>
    </datafield>
    <datafield ind1=' ' ind2=' ' tag='035'>
      <subfield code='a'>(OCoLC)ocm62501600 </subfield>
      <subfield code='9'>ExL</subfield>
    </datafield>
    <datafield ind1=' ' ind2=' ' tag='037'>
      <subfield code='a'>552-070-33325-8</subfield>
      <subfield code='b'>GPO</subfield>
    </datafield>
    <datafield ind1=' ' ind2=' ' tag='040'>
      <subfield code='a'>GPO</subfield>
      <subfield code='c'>GPO</subfield>
      <subfield code='d'>GPO</subfield>
      <subfield code='d'>MvI</subfield>
    </datafield>
    <datafield ind1=' ' ind2=' ' tag='042'>
      <subfield code='a'>pcc</subfield>
    </datafield>
    <datafield ind1=' ' ind2=' ' tag='043'>
      <subfield code='a'>n-us---</subfield>
    </datafield>
    <datafield ind1=' ' ind2=' ' tag='074'>
      <subfield code='a'>1025-A-01</subfield>
    </datafield>
    <datafield ind1=' ' ind2=' ' tag='074'>
      <subfield code='a'>1025-A-01 (online)</subfield>
    </datafield>
    <datafield ind1=' ' ind2=' ' tag='074'>
      <subfield code='a'>1025-A-02 (online)</subfield>
    </datafield>
    <datafield ind1=' ' ind2=' ' tag='074'>
      <subfield code='a'>1025-A-02 (MF)</subfield>
    </datafield>
    <datafield ind1=' ' ind2=' ' tag='086'>
      <subfield code='a'>Y 4.SCI 2:109-2</subfield>
    </datafield>
    <datafield ind1='0' ind2=' ' tag='086'>
      <subfield code='a'>Y 4.SCI 2:109-2</subfield>
    </datafield>
    <datafield ind1=' ' ind2=' ' tag='088'>
      <subfield code='a'>Serial no. 109-2 (United States. Congress. House. Committee on Science)</subfield>
    </datafield>
    <datafield ind1='1' ind2=' ' tag='110'>
      <subfield code='a'>United States.</subfield>
      <subfield code='b'>Congress.</subfield>
      <subfield code='b'>House.</subfield>
      <subfield code='b'>Committee on Science.</subfield>
    </datafield>
    <datafield ind1='1' ind2='0' tag='245'>
      <subfield code='a'>Options for Hubble science :</subfield>
      <subfield code='b'>hearing before the Committee on Science, House of Representatives, One Hundred Ninth Congress, first session, February 2, 2005.</subfield>
    </datafield>
    <datafield ind1=' ' ind2=' ' tag='260'>
      <subfield code='a'>Washington :</subfield>
      <subfield code='b'>U.S. G.P.O. :</subfield>
      <subfield code='b'>For sale by the Supt. of Docs., U.S. G.P.O.,</subfield>
      <subfield code='c'>2005.</subfield>
    </datafield>
    <datafield ind1=' ' ind2=' ' tag='300'>
      <subfield code='a'>iv, 150 p. :</subfield>
      <subfield code='b'>ill. ;</subfield>
      <subfield code='c'>24 cm.</subfield>
    </datafield>
    <datafield ind1=' ' ind2=' ' tag='500'>
      <subfield code='a'>&quot;Printed for the use of the Committee on Science.&quot;</subfield>
    </datafield>
    <datafield ind1=' ' ind2=' ' tag='500'>
      <subfield code='a'>Shipping list no.: 2006-0056-P.</subfield>
    </datafield>
    <datafield ind1=' ' ind2=' ' tag='500'>
      <subfield code='a'>Distributed to some depository libraries in microfiche.</subfield>
    </datafield>
    <datafield ind1=' ' ind2=' ' tag='500'>
      <subfield code='a'>&quot;Serial no. 109-2.&quot;</subfield>
    </datafield>
    <datafield ind1=' ' ind2=' ' tag='504'>
      <subfield code='a'>Includes bibliographical references.</subfield>
    </datafield>
    <datafield ind1=' ' ind2=' ' tag='530'>
      <subfield code='a'>Also available via Internet from the GPO Access web site. Address as of 12/7/05: http://frwebgate.access.gpo.gov/cgi-bin/getdoc.cgi?dbname=109%5Fhouse%5Fhearings&amp;docid=f:98396.pdf; current access is available via PURL.</subfield>
    </datafield>
    <datafield ind1='2' ind2='0' tag='610'>
      <subfield code='a'>Hubble Space Telescope (Spacecraft)</subfield>
    </datafield>
    <datafield ind1=' ' ind2='0' tag='650'>
      <subfield code='a'>Astronomy</subfield>
      <subfield code='x'>Research</subfield>
      <subfield code='z'>United States.</subfield>
    </datafield>
    <datafield ind1=' ' ind2='0' tag='650'>
      <subfield code='a'>Astronomy and state</subfield>
      <subfield code='z'>United States.</subfield>
    </datafield>
    <datafield ind1=' ' ind2='0' tag='650'>
      <subfield code='a'>Large astronomical telescopes</subfield>
      <subfield code='z'>United States.</subfield>
    </datafield>
    <datafield ind1='4' ind2='1' tag='856'>
      <subfield code='u'>http://purl.access.gpo.gov/GPO/LPS65514</subfield>
    </datafield>
    <datafield ind1=' ' ind2=' ' tag='902'>
      <subfield code='a'>140917</subfield>
    </datafield>
    <datafield ind1=' ' ind2=' ' tag='907'>
      <subfield code='a'>.b29734824</subfield>
      <subfield code='b'>gweb </subfield>
      <subfield code='c'>-</subfield>
    </datafield>
    <datafield ind1=' ' ind2=' ' tag='935'>
      <subfield code='a'>ocm62501600</subfield>
    </datafield>
    <datafield ind1=' ' ind2=' ' tag='945'>
      <subfield code='l'>gweb </subfield>
      <subfield code='g'>1</subfield>
    </datafield>
    <datafield ind1=' ' ind2=' ' tag='998'>
      <subfield code='b'>1</subfield>
      <subfield code='c'>050114</subfield>
      <subfield code='d'>m</subfield>
      <subfield code='e'>m</subfield>
      <subfield code='f'>-</subfield>
      <subfield code='g'>0</subfield>
    </datafield>
  </record>