
  <record>
    <leader>01663cam a2200373Ii 4500</leader>
    <controlfield tag='001'>991012176999703811</controlfield>
    <controlfield tag='005'>20160421135210.0</controlfield>
    <controlfield tag='008'>150905s2016    enk      b    001 0 eng d</controlfield>
    <datafield ind1=' ' ind2=' ' tag='020'>
      <subfield code='a'>9780199695768</subfield>
    </datafield>
    <datafield ind1=' ' ind2=' ' tag='020'>
      <subfield code='a'>0199695768</subfield>
    </datafield>
    <datafield ind1=' ' ind2=' ' tag='035'>
      <subfield code='a'>(PPT)b61301097-01tuli_inst</subfield>
    </datafield>
    <datafield ind1=' ' ind2=' ' tag='035'>
      <subfield code='a'>(OCoLC)920454184</subfield>
      <subfield code='z'>(OCoLC)920844008</subfield>
    </datafield>
    <datafield ind1=' ' ind2=' ' tag='040'>
      <subfield code='a'>BTCTA</subfield>
      <subfield code='b'>eng</subfield>
      <subfield code='e'>rda</subfield>
      <subfield code='c'>BTCTA</subfield>
      <subfield code='d'>BDX</subfield>
      <subfield code='d'>YDXCP</subfield>
      <subfield code='d'>OCLCQ</subfield>
      <subfield code='d'>OCLCO</subfield>
      <subfield code='d'>GZN</subfield>
      <subfield code='d'>ZYU</subfield>
      <subfield code='d'>EYM</subfield>
      <subfield code='d'>CGP</subfield>
      <subfield code='d'>VP@</subfield>
    </datafield>
    <datafield ind1=' ' ind2=' ' tag='043'>
      <subfield code='a'>e-ur---</subfield>
    </datafield>
    <datafield ind1=' ' ind2=' ' tag='079'>
      <subfield code='a'>ocn920454184</subfield>
    </datafield>
    <datafield ind1=' ' ind2=' ' tag='090'>
      <subfield code='a'>DK268.4</subfield>
      <subfield code='b'>.H36 2016</subfield>
    </datafield>
    <datafield ind1='1' ind2=' ' tag='100'>
      <subfield code='a'>Harris, James R.,</subfield>
      <subfield code='d'>1964-</subfield>
    </datafield>
    <datafield ind1='1' ind2='4' tag='245'>
      <subfield code='a'>The great fear :</subfield>
      <subfield code='b'>Stalin&apos;s terror of the 1930s /</subfield>
      <subfield code='c'>James Harris.</subfield>
    </datafield>
    <datafield ind1=' ' ind2=' ' tag='250'>
      <subfield code='a'>First edition.</subfield>
    </datafield>
    <datafield ind1=' ' ind2='1' tag='264'>
      <subfield code='a'>Oxford, United Kingdom :</subfield>
      <subfield code='b'>Oxford University Press,</subfield>
      <subfield code='c'>2016.</subfield>
    </datafield>
    <datafield ind1=' ' ind2=' ' tag='300'>
      <subfield code='a'>x, 205 pages ;</subfield>
      <subfield code='c'>22 cm</subfield>
    </datafield>
    <datafield ind1=' ' ind2=' ' tag='336'>
      <subfield code='a'>text</subfield>
      <subfield code='b'>txt</subfield>
      <subfield code='2'>rdacontent</subfield>
    </datafield>
    <datafield ind1=' ' ind2=' ' tag='337'>
      <subfield code='a'>unmediated</subfield>
      <subfield code='b'>n</subfield>
      <subfield code='2'>rdamedia</subfield>
    </datafield>
    <datafield ind1=' ' ind2=' ' tag='338'>
      <subfield code='a'>volume</subfield>
      <subfield code='b'>nc</subfield>
      <subfield code='2'>rdacarrier</subfield>
    </datafield>
    <datafield ind1=' ' ind2=' ' tag='504'>
      <subfield code='a'>Includes bibliographical references and index.</subfield>
    </datafield>
    <datafield ind1='0' ind2=' ' tag='505'>
      <subfield code='a'>Fear and violence -- Peace and insecurity -- The uncertain dictatorship -- The great break -- Relaxation? -- Tensions mount -- The perfect storm.</subfield>
    </datafield>
    <datafield ind1=' ' ind2=' ' tag='520'>
      <subfield code='a'>&quot;Presents a new and original explanation of the Stalin&apos;s Terror based on intelligence materials in Russian archives. It shows how Soviet leaders developed a grossly exaggerated fear of conspiracy and foreign invasion and lashed out at enemies largely of their own making&quot;--Back of jacket.</subfield>
    </datafield>
    <datafield ind1=' ' ind2='0' tag='651'>
      <subfield code='a'>Soviet Union</subfield>
      <subfield code='x'>Politics and government</subfield>
      <subfield code='y'>1936-1953.</subfield>
    </datafield>
    <datafield ind1=' ' ind2='0' tag='651'>
      <subfield code='a'>Soviet Union</subfield>
      <subfield code='x'>Politics and government</subfield>
      <subfield code='y'>1917-1936.</subfield>
    </datafield>
    <datafield ind1=' ' ind2='0' tag='650'>
      <subfield code='a'>Political violence</subfield>
      <subfield code='z'>Soviet Union.</subfield>
    </datafield>
    <datafield ind1='0' ind2=' ' tag='852'>
      <subfield code='8'>22105097610003811</subfield>
      <subfield code='b'>MAIN</subfield>
      <subfield code='c'>stacks</subfield>
      <subfield code='h'>DK268.4</subfield>
      <subfield code='i'>.H36 2016</subfield>
    </datafield>
    <datafield ind1=' ' ind2=' ' tag='902'>
      <subfield code='a'>160511</subfield>
    </datafield>
    <datafield ind1=' ' ind2=' ' tag='907'>
      <subfield code='a'>.b61301097</subfield>
      <subfield code='b'>p    </subfield>
      <subfield code='c'>-</subfield>
    </datafield>
    <datafield ind1=' ' ind2=' ' tag='945'>
      <subfield code='l'>pstk </subfield>
      <subfield code='g'>1</subfield>
    </datafield>
    <datafield ind1=' ' ind2=' ' tag='998'>
      <subfield code='b'>1</subfield>
      <subfield code='c'>160421</subfield>
      <subfield code='d'>m</subfield>
      <subfield code='e'>a</subfield>
      <subfield code='f'>-</subfield>
      <subfield code='g'>4</subfield>
    </datafield>
    <datafield ind1=' ' ind2=' ' tag='998'>
      <subfield code='a'>04/21/16</subfield>
      <subfield code='s'>OCLC</subfield>
      <subfield code='c'>AT</subfield>
    </datafield>
  </record>