
  <record>
    <leader>02017nam a2200433 a 4500</leader>
    <controlfield tag='001'>991012175499703811</controlfield>
    <controlfield tag='005'>20051220134948.0</controlfield>
    <controlfield tag='008'>051123s2005    dcua     b   f000 0 eng c</controlfield>
    <datafield ind1=' ' ind2=' ' tag='020'>
      <subfield code='a'>016075058X</subfield>
    </datafield>
    <datafield ind1=' ' ind2=' ' tag='035'>
      <subfield code='a'>(PPT)b2973437x-01tuli_inst</subfield>
    </datafield>
    <datafield ind1=' ' ind2=' ' tag='035'>
      <subfield code='a'>(OCoLC)ocm62329778 </subfield>
      <subfield code='9'>ExL</subfield>
    </datafield>
    <datafield ind1=' ' ind2=' ' tag='037'>
      <subfield code='a'>552-070-33307-0</subfield>
      <subfield code='b'>GPO</subfield>
    </datafield>
    <datafield ind1=' ' ind2=' ' tag='040'>
      <subfield code='a'>GPO</subfield>
      <subfield code='c'>GPO</subfield>
      <subfield code='d'>GPO</subfield>
      <subfield code='d'>MvI</subfield>
    </datafield>
    <datafield ind1=' ' ind2=' ' tag='042'>
      <subfield code='a'>pcc</subfield>
    </datafield>
    <datafield ind1=' ' ind2=' ' tag='043'>
      <subfield code='a'>n-us---</subfield>
    </datafield>
    <datafield ind1=' ' ind2=' ' tag='074'>
      <subfield code='a'>1016-A</subfield>
    </datafield>
    <datafield ind1=' ' ind2=' ' tag='074'>
      <subfield code='a'>1016-A (online)</subfield>
    </datafield>
    <datafield ind1=' ' ind2=' ' tag='074'>
      <subfield code='a'>1016-B (online)</subfield>
    </datafield>
    <datafield ind1=' ' ind2=' ' tag='074'>
      <subfield code='a'>1016-B (MF)</subfield>
    </datafield>
    <datafield ind1=' ' ind2=' ' tag='086'>
      <subfield code='a'>Y 4.G 74/7:EN 8/30</subfield>
    </datafield>
    <datafield ind1='0' ind2=' ' tag='086'>
      <subfield code='a'>Y 4.G 74/7:EN 8/30</subfield>
    </datafield>
    <datafield ind1=' ' ind2=' ' tag='088'>
      <subfield code='a'>Serial no. 109-62 (United States. Congress. House. Committee on Government Reform)</subfield>
    </datafield>
    <datafield ind1='1' ind2=' ' tag='110'>
      <subfield code='a'>United States.</subfield>
      <subfield code='b'>Congress.</subfield>
      <subfield code='b'>House.</subfield>
      <subfield code='b'>Committee on Government Reform.</subfield>
      <subfield code='b'>Subcommittee on the Federal Workforce and Agency Organization.</subfield>
    </datafield>
    <datafield ind1='1' ind2='0' tag='245'>
      <subfield code='a'>Turning bureaucrats into plutocrats :</subfield>
      <subfield code='b'>can entrepreneurialism work in the federal government? : hearing before the Subcommittee on the Federal Workforce and Agency Organization of the Committee on Government Reform, House of Representatives, One Hundred Ninth Congress, first session, July 13, 2005.</subfield>
    </datafield>
    <datafield ind1=' ' ind2=' ' tag='260'>
      <subfield code='a'>Washington :</subfield>
      <subfield code='b'>U.S. G.P.O. :</subfield>
      <subfield code='b'>For sale by the Supt. of Docs., U.S. G.P.O.,</subfield>
      <subfield code='c'>2005.</subfield>
    </datafield>
    <datafield ind1=' ' ind2=' ' tag='300'>
      <subfield code='a'>iii, 114 p. :</subfield>
      <subfield code='b'>ill. ;</subfield>
      <subfield code='c'>24 cm.</subfield>
    </datafield>
    <datafield ind1=' ' ind2=' ' tag='500'>
      <subfield code='a'>Distributed to some depository libraries in microfiche.</subfield>
    </datafield>
    <datafield ind1=' ' ind2=' ' tag='500'>
      <subfield code='a'>Shipping list no.: 2006-0063-P.</subfield>
    </datafield>
    <datafield ind1=' ' ind2=' ' tag='504'>
      <subfield code='a'>Includes bibliographical references.</subfield>
    </datafield>
    <datafield ind1=' ' ind2=' ' tag='500'>
      <subfield code='a'>&quot;Serial no. 109-62.&quot;</subfield>
    </datafield>
    <datafield ind1=' ' ind2=' ' tag='530'>
      <subfield code='a'>Also available via Internet from the GPO Access web site. Address as of 11/23/05: http://frwebgate.access.gpo.gov/cgi-bin/getdoc.cgi?dbname=109%5Fhouse%5Fhearings&amp;docid=f:23206.pdf; current access available via PURL.</subfield>
    </datafield>
    <datafield ind1=' ' ind2='0' tag='650'>
      <subfield code='a'>Administrative agencies</subfield>
      <subfield code='z'>United States</subfield>
      <subfield code='x'>Management.</subfield>
    </datafield>
    <datafield ind1=' ' ind2='0' tag='650'>
      <subfield code='a'>Government productivity</subfield>
      <subfield code='z'>United States.</subfield>
    </datafield>
    <datafield ind1=' ' ind2='0' tag='650'>
      <subfield code='a'>Political entrepreneurship</subfield>
      <subfield code='z'>United States.</subfield>
    </datafield>
    <datafield ind1='4' ind2='1' tag='856'>
      <subfield code='u'>http://purl.access.gpo.gov/GPO/LPS65274</subfield>
    </datafield>
    <datafield ind1=' ' ind2=' ' tag='902'>
      <subfield code='a'>060110</subfield>
    </datafield>
    <datafield ind1=' ' ind2=' ' tag='907'>
      <subfield code='a'>.b2973437x</subfield>
      <subfield code='b'>g    </subfield>
      <subfield code='c'>n</subfield>
    </datafield>
    <datafield ind1=' ' ind2=' ' tag='935'>
      <subfield code='a'>ocm62329778</subfield>
    </datafield>
    <datafield ind1=' ' ind2=' ' tag='945'>
      <subfield code='l'>gmi  </subfield>
      <subfield code='g'>1</subfield>
    </datafield>
    <datafield ind1=' ' ind2=' ' tag='998'>
      <subfield code='b'>1</subfield>
      <subfield code='c'>050114</subfield>
      <subfield code='d'>m</subfield>
      <subfield code='e'>a</subfield>
      <subfield code='f'>n</subfield>
      <subfield code='g'>0</subfield>
    </datafield>
  </record>