
  <record>
    <leader>01927nam a2200433Ii 4500</leader>
    <controlfield tag='001'>991012172449703811</controlfield>
    <controlfield tag='005'>20160413131912.0</controlfield>
    <controlfield tag='008'>160413s2016    nyuac    c    000 0 eng d</controlfield>
    <datafield ind1=' ' ind2=' ' tag='020'>
      <subfield code='a'>9781935410812</subfield>
    </datafield>
    <datafield ind1=' ' ind2=' ' tag='020'>
      <subfield code='a'>1935410814</subfield>
    </datafield>
    <datafield ind1=' ' ind2=' ' tag='035'>
      <subfield code='a'>(PPT)b61299923-01tuli_inst</subfield>
    </datafield>
    <datafield ind1=' ' ind2=' ' tag='035'>
      <subfield code='a'>(OCoLC)946578993</subfield>
    </datafield>
    <datafield ind1=' ' ind2=' ' tag='040'>
      <subfield code='a'>VMC</subfield>
      <subfield code='b'>eng</subfield>
      <subfield code='e'>rda</subfield>
      <subfield code='c'>VMC</subfield>
    </datafield>
    <datafield ind1=' ' ind2=' ' tag='079'>
      <subfield code='a'>ocn946578993</subfield>
    </datafield>
    <datafield ind1=' ' ind2=' ' tag='090'>
      <subfield code='a'>ND1049.Q257</subfield>
      <subfield code='b'>A4 2016</subfield>
    </datafield>
    <datafield ind1='1' ind2=' ' tag='100'>
      <subfield code='a'>Qiu, Xiaofei,</subfield>
      <subfield code='d'>1977-</subfield>
      <subfield code='e'>artist.</subfield>
    </datafield>
    <datafield ind1='1' ind2='0' tag='245'>
      <subfield code='a'>Double pendulum /</subfield>
      <subfield code='c'>Qiu Xiaofei.</subfield>
    </datafield>
    <datafield ind1=' ' ind2='1' tag='264'>
      <subfield code='a'>[New York, NY] :</subfield>
      <subfield code='b'>Pace Gallery,</subfield>
      <subfield code='c'>[2016]</subfield>
    </datafield>
    <datafield ind1=' ' ind2=' ' tag='300'>
      <subfield code='a'>48 pages :</subfield>
      <subfield code='b'>chiefly illustrations (mostly color), portrait ;</subfield>
      <subfield code='c'>27 x 27 cm</subfield>
    </datafield>
    <datafield ind1=' ' ind2=' ' tag='336'>
      <subfield code='a'>still image</subfield>
      <subfield code='b'>sti</subfield>
      <subfield code='2'>rdacontent</subfield>
    </datafield>
    <datafield ind1=' ' ind2=' ' tag='336'>
      <subfield code='a'>text</subfield>
      <subfield code='b'>txt</subfield>
      <subfield code='2'>rdacontent</subfield>
    </datafield>
    <datafield ind1=' ' ind2=' ' tag='337'>
      <subfield code='a'>unmediated</subfield>
      <subfield code='b'>n</subfield>
      <subfield code='2'>rdamedia</subfield>
    </datafield>
    <datafield ind1=' ' ind2=' ' tag='338'>
      <subfield code='a'>volume</subfield>
      <subfield code='b'>nc</subfield>
      <subfield code='2'>rdacarrier</subfield>
    </datafield>
    <datafield ind1=' ' ind2=' ' tag='500'>
      <subfield code='a'>Catalog of an exhibition held at Pace Gallery, New York, New York, March 11 - April 23, 2016.</subfield>
    </datafield>
    <datafield ind1=' ' ind2=' ' tag='500'>
      <subfield code='a'>Title from cover.</subfield>
    </datafield>
    <datafield ind1=' ' ind2=' ' tag='500'>
      <subfield code='a'>Includes an essay by Danielle Shang.</subfield>
    </datafield>
    <datafield ind1=' ' ind2=' ' tag='520'>
      <subfield code='a'>&quot;Pace presents Double Pendulum, Qiu Xiaofei&amp;#x2019;s first solo exhibition in North America. Comprised of a group of new paintings, the exhibition will be on view at 510 West 25th Street from March 11 to April 23, 2016. An opening reception for the artist will be held Thursday, March 10 from 6 to 8 p.m. The exhibition will be accompanied by a catalogue with essay by Danielle Shang&quot; -- Website.</subfield>
    </datafield>
    <datafield ind1='1' ind2='0' tag='600'>
      <subfield code='a'>Qiu, Xiaofei,</subfield>
      <subfield code='d'>1977-</subfield>
      <subfield code='v'>Exhibitions.</subfield>
    </datafield>
    <datafield ind1=' ' ind2='0' tag='650'>
      <subfield code='a'>Painting, Chinese</subfield>
      <subfield code='y'>21st century</subfield>
      <subfield code='v'>Exhibitions.</subfield>
    </datafield>
    <datafield ind1='1' ind2='7' tag='600'>
      <subfield code='a'>Qiu, Xiaofei,</subfield>
      <subfield code='d'>1977-</subfield>
      <subfield code='2'>fast</subfield>
      <subfield code='0'>(OCoLC)fst01677109</subfield>
    </datafield>
    <datafield ind1=' ' ind2='7' tag='650'>
      <subfield code='a'>Painting, Chinese.</subfield>
      <subfield code='2'>fast</subfield>
      <subfield code='0'>(OCoLC)fst01050737</subfield>
    </datafield>
    <datafield ind1=' ' ind2='7' tag='648'>
      <subfield code='a'>2000 - 2099</subfield>
      <subfield code='2'>fast</subfield>
    </datafield>
    <datafield ind1=' ' ind2='7' tag='655'>
      <subfield code='a'>Exhibition catalogs.</subfield>
      <subfield code='2'>fast</subfield>
      <subfield code='0'>(OCoLC)fst01424028</subfield>
    </datafield>
    <datafield ind1='1' ind2=' ' tag='700'>
      <subfield code='a'>Shang, Danielle,</subfield>
      <subfield code='e'>writer of added text.</subfield>
    </datafield>
    <datafield ind1='2' ind2=' ' tag='710'>
      <subfield code='a'>Pace Gallery,</subfield>
      <subfield code='e'>host institution.</subfield>
    </datafield>
    <datafield ind1='0' ind2=' ' tag='852'>
      <subfield code='8'>22116088550003811</subfield>
      <subfield code='b'>MAIN</subfield>
      <subfield code='c'>stacks</subfield>
      <subfield code='h'>ND1049.Q257</subfield>
      <subfield code='i'>A4 2016</subfield>
    </datafield>
    <datafield ind1=' ' ind2=' ' tag='902'>
      <subfield code='a'>160426</subfield>
    </datafield>
    <datafield ind1=' ' ind2=' ' tag='907'>
      <subfield code='a'>.b61299923</subfield>
      <subfield code='b'>p    </subfield>
      <subfield code='c'>-</subfield>
    </datafield>
    <datafield ind1=' ' ind2=' ' tag='945'>
      <subfield code='l'>pstk </subfield>
      <subfield code='g'>1</subfield>
    </datafield>
    <datafield ind1=' ' ind2=' ' tag='998'>
      <subfield code='b'>0</subfield>
      <subfield code='c'>160413</subfield>
      <subfield code='d'>m</subfield>
      <subfield code='e'>a</subfield>
      <subfield code='f'>-</subfield>
      <subfield code='g'>0</subfield>
    </datafield>
    <datafield ind1=' ' ind2=' ' tag='998'>
      <subfield code='a'>04/13/16</subfield>
      <subfield code='s'>OCLC</subfield>
      <subfield code='c'>cep </subfield>
    </datafield>
  </record>