
  <record>
    <leader>01957cam a2200421 a 4500</leader>
    <controlfield tag='001'>991012173789703811</controlfield>
    <controlfield tag='005'>20060104151934.0</controlfield>
    <controlfield tag='008'>051205s2005    dcu          f000 0 eng c</controlfield>
    <datafield ind1=' ' ind2=' ' tag='020'>
      <subfield code='a'>0160752310</subfield>
    </datafield>
    <datafield ind1=' ' ind2=' ' tag='035'>
      <subfield code='a'>(PPT)b29733984-01tuli_inst</subfield>
    </datafield>
    <datafield ind1=' ' ind2=' ' tag='035'>
      <subfield code='a'>(OCoLC)ocm62458290 </subfield>
      <subfield code='9'>ExL</subfield>
    </datafield>
    <datafield ind1=' ' ind2=' ' tag='037'>
      <subfield code='a'>552-070-33449-1</subfield>
      <subfield code='b'>GPO</subfield>
    </datafield>
    <datafield ind1=' ' ind2=' ' tag='040'>
      <subfield code='a'>SEN</subfield>
      <subfield code='c'>SEN</subfield>
      <subfield code='d'>GPO</subfield>
      <subfield code='d'>MvI</subfield>
    </datafield>
    <datafield ind1=' ' ind2=' ' tag='042'>
      <subfield code='a'>pcc</subfield>
    </datafield>
    <datafield ind1=' ' ind2=' ' tag='043'>
      <subfield code='a'>n-us-ak</subfield>
    </datafield>
    <datafield ind1=' ' ind2=' ' tag='074'>
      <subfield code='a'>1041-A</subfield>
    </datafield>
    <datafield ind1=' ' ind2=' ' tag='074'>
      <subfield code='a'>1041-A (online)</subfield>
    </datafield>
    <datafield ind1=' ' ind2=' ' tag='074'>
      <subfield code='a'>1041-B (online)</subfield>
    </datafield>
    <datafield ind1=' ' ind2=' ' tag='074'>
      <subfield code='a'>1041-B (MF)</subfield>
    </datafield>
    <datafield ind1=' ' ind2=' ' tag='086'>
      <subfield code='a'>Y 4.C 73/7:S.HRG.109-174</subfield>
    </datafield>
    <datafield ind1='0' ind2=' ' tag='086'>
      <subfield code='a'>Y 4.C 73/7:S.HRG.109-174</subfield>
    </datafield>
    <datafield ind1='1' ind2=' ' tag='110'>
      <subfield code='a'>United States.</subfield>
      <subfield code='b'>Congress.</subfield>
      <subfield code='b'>Senate.</subfield>
      <subfield code='b'>Committee on Commerce, Science, and Transportation.</subfield>
    </datafield>
    <datafield ind1='1' ind2='0' tag='245'>
      <subfield code='a'>Alaska aviation  :</subfield>
      <subfield code='b'>field hearing before the Committee on Commerce, Science, and Transportation, United States Senate, One Hundred Ninth Congress, first session, July 5, 2005.</subfield>
    </datafield>
    <datafield ind1=' ' ind2=' ' tag='260'>
      <subfield code='a'>Washington :</subfield>
      <subfield code='b'>U.S. G.P.O. :</subfield>
      <subfield code='b'>For sale by the Supt. of Docs., U.S. G.P.O.,</subfield>
      <subfield code='c'>2005.</subfield>
    </datafield>
    <datafield ind1=' ' ind2=' ' tag='300'>
      <subfield code='a'>iii, 50 p. ;</subfield>
      <subfield code='c'>24 cm.</subfield>
    </datafield>
    <datafield ind1='1' ind2=' ' tag='490'>
      <subfield code='a'>S. hrg. ;</subfield>
      <subfield code='v'>109-174</subfield>
    </datafield>
    <datafield ind1=' ' ind2=' ' tag='500'>
      <subfield code='a'>&quot;Printed for the use of the Committee on Commerce, Science, and Transportation.&quot;</subfield>
    </datafield>
    <datafield ind1=' ' ind2=' ' tag='500'>
      <subfield code='a'>Distributed to some depository libraries in microfiche.</subfield>
    </datafield>
    <datafield ind1=' ' ind2=' ' tag='500'>
      <subfield code='a'>Shipping list no.: 2006-0074-P.</subfield>
    </datafield>
    <datafield ind1=' ' ind2=' ' tag='530'>
      <subfield code='a'>Also available via Internet from the GPO Access web site. Addresses as of 12/8/05: http://frwebgate.access.gpo.gov/cgi-bin/getdoc.cgi?dbname=109%5Fsenate%5Fhearings&amp;docid=f:23709.wais (text version); http://frwebgate.access.gpo.gov/cgi-bin/getdoc.cgi?dbname=109%5Fsenate%5Fhearings&amp;docid=f:23709.pdf (PDF version); current access is available via PURLs..</subfield>
    </datafield>
    <datafield ind1=' ' ind2='0' tag='650'>
      <subfield code='a'>Aeronautics, Commercial</subfield>
      <subfield code='z'>Alaska.</subfield>
    </datafield>
    <datafield ind1='1' ind2=' ' tag='810'>
      <subfield code='a'>United States.</subfield>
      <subfield code='b'>Congress.</subfield>
      <subfield code='b'>Senate.</subfield>
      <subfield code='t'>S. hrg. ;</subfield>
      <subfield code='v'>109-174.</subfield>
    </datafield>
    <datafield ind1='4' ind2='1' tag='856'>
      <subfield code='3'>Text version:</subfield>
      <subfield code='u'>http://purl.access.gpo.gov/GPO/LPS65524</subfield>
    </datafield>
    <datafield ind1='4' ind2='1' tag='856'>
      <subfield code='3'>PDF version:</subfield>
      <subfield code='u'>http://purl.access.gpo.gov/GPO/LPS65525</subfield>
    </datafield>
    <datafield ind1=' ' ind2=' ' tag='902'>
      <subfield code='a'>140917</subfield>
    </datafield>
    <datafield ind1=' ' ind2=' ' tag='907'>
      <subfield code='a'>.b29733984</subfield>
      <subfield code='b'>gweb </subfield>
      <subfield code='c'>-</subfield>
    </datafield>
    <datafield ind1=' ' ind2=' ' tag='935'>
      <subfield code='a'>ocm62458290</subfield>
    </datafield>
    <datafield ind1=' ' ind2=' ' tag='945'>
      <subfield code='l'>gweb </subfield>
      <subfield code='g'>1</subfield>
    </datafield>
    <datafield ind1=' ' ind2=' ' tag='998'>
      <subfield code='b'>2</subfield>
      <subfield code='c'>050114</subfield>
      <subfield code='d'>m</subfield>
      <subfield code='e'>m</subfield>
      <subfield code='f'>-</subfield>
      <subfield code='g'>0</subfield>
    </datafield>
  </record>