
  <record>
    <leader>02270pam a2200553 i 4500</leader>
    <controlfield tag='001'>991012182069703811</controlfield>
    <controlfield tag='005'>20160404075636.0</controlfield>
    <controlfield tag='008'>160115t20162016miua     b    001 0 eng  </controlfield>
    <datafield ind1=' ' ind2=' ' tag='010'>
      <subfield code='a'>2015048918</subfield>
    </datafield>
    <datafield ind1=' ' ind2=' ' tag='020'>
      <subfield code='a'>9780880995078</subfield>
      <subfield code='q'>(pbk. ;</subfield>
      <subfield code='q'>alk. paper)</subfield>
    </datafield>
    <datafield ind1=' ' ind2=' ' tag='020'>
      <subfield code='a'>0880995076</subfield>
      <subfield code='q'>(pbk. ;</subfield>
      <subfield code='q'>alk. paper)</subfield>
    </datafield>
    <datafield ind1=' ' ind2=' ' tag='020'>
      <subfield code='z'>9780880995085</subfield>
      <subfield code='q'>(e-book)</subfield>
    </datafield>
    <datafield ind1=' ' ind2=' ' tag='020'>
      <subfield code='z'>0880995048</subfield>
      <subfield code='q'>(e-book)</subfield>
    </datafield>
    <datafield ind1=' ' ind2=' ' tag='035'>
      <subfield code='a'>(PPT)b61302387-01tuli_inst</subfield>
    </datafield>
    <datafield ind1=' ' ind2=' ' tag='035'>
      <subfield code='a'>(OCoLC)935053391</subfield>
    </datafield>
    <datafield ind1=' ' ind2=' ' tag='040'>
      <subfield code='a'>DLC</subfield>
      <subfield code='b'>eng</subfield>
      <subfield code='e'>rda</subfield>
      <subfield code='c'>DLC</subfield>
      <subfield code='d'>YDXCP</subfield>
      <subfield code='d'>OCLCF</subfield>
      <subfield code='d'>R2A</subfield>
      <subfield code='d'>BTCTA</subfield>
      <subfield code='d'>CDX</subfield>
      <subfield code='d'>OCLCQ</subfield>
    </datafield>
    <datafield ind1=' ' ind2=' ' tag='042'>
      <subfield code='a'>pcc</subfield>
    </datafield>
    <datafield ind1=' ' ind2=' ' tag='043'>
      <subfield code='a'>n-us---</subfield>
    </datafield>
    <datafield ind1=' ' ind2=' ' tag='079'>
      <subfield code='a'>ocn935053391</subfield>
    </datafield>
    <datafield ind1=' ' ind2=' ' tag='090'>
      <subfield code='a'>HD8039.P332</subfield>
      <subfield code='b'>U676 2016</subfield>
    </datafield>
    <datafield ind1='1' ind2=' ' tag='100'>
      <subfield code='a'>Root, Kenneth,</subfield>
      <subfield code='e'>author.</subfield>
    </datafield>
    <datafield ind1='1' ind2='0' tag='245'>
      <subfield code='a'>Surviving job loss :</subfield>
      <subfield code='b'>papermakers in Maine and Minnesota /</subfield>
      <subfield code='c'>Kenneth A. Root, Rosemarie J. Park.</subfield>
    </datafield>
    <datafield ind1=' ' ind2='1' tag='264'>
      <subfield code='a'>Kalamazoo, Mich. :</subfield>
      <subfield code='b'>W.E. Upjohn Institute for Employment Research,</subfield>
      <subfield code='c'>[2016]</subfield>
    </datafield>
    <datafield ind1=' ' ind2='4' tag='264'>
      <subfield code='c'>©2016</subfield>
    </datafield>
    <datafield ind1=' ' ind2=' ' tag='300'>
      <subfield code='a'>xiii, 251 pages :</subfield>
      <subfield code='b'>illustrations ;</subfield>
      <subfield code='c'>23 cm.</subfield>
    </datafield>
    <datafield ind1=' ' ind2=' ' tag='336'>
      <subfield code='a'>text</subfield>
      <subfield code='b'>txt</subfield>
      <subfield code='2'>rdacontent</subfield>
    </datafield>
    <datafield ind1=' ' ind2=' ' tag='337'>
      <subfield code='a'>unmediated</subfield>
      <subfield code='b'>n</subfield>
      <subfield code='2'>rdamedia</subfield>
    </datafield>
    <datafield ind1=' ' ind2=' ' tag='338'>
      <subfield code='a'>volume</subfield>
      <subfield code='b'>nc</subfield>
      <subfield code='2'>rdacarrier</subfield>
    </datafield>
    <datafield ind1='1' ind2=' ' tag='490'>
      <subfield code='a'>WE focus series</subfield>
    </datafield>
    <datafield ind1=' ' ind2=' ' tag='504'>
      <subfield code='a'>Includes bibliographical references (pages 213-234) and index.</subfield>
    </datafield>
    <datafield ind1=' ' ind2='0' tag='650'>
      <subfield code='a'>Paper industry workers</subfield>
      <subfield code='z'>United States</subfield>
      <subfield code='v'>Case studies.</subfield>
    </datafield>
    <datafield ind1=' ' ind2='0' tag='650'>
      <subfield code='a'>Plant shutdowns</subfield>
      <subfield code='z'>United States</subfield>
      <subfield code='v'>Case studies.</subfield>
    </datafield>
    <datafield ind1=' ' ind2='0' tag='650'>
      <subfield code='a'>Unemployed</subfield>
      <subfield code='z'>United States</subfield>
      <subfield code='v'>Case studies.</subfield>
    </datafield>
    <datafield ind1=' ' ind2='0' tag='650'>
      <subfield code='a'>Displaced workers</subfield>
      <subfield code='z'>United States</subfield>
      <subfield code='v'>Case studies.</subfield>
    </datafield>
    <datafield ind1=' ' ind2='0' tag='650'>
      <subfield code='a'>Older people</subfield>
      <subfield code='x'>Employment</subfield>
      <subfield code='z'>United States</subfield>
      <subfield code='v'>Case studies.</subfield>
    </datafield>
    <datafield ind1=' ' ind2='7' tag='650'>
      <subfield code='a'>Displaced workers.</subfield>
      <subfield code='2'>fast</subfield>
      <subfield code='0'>(OCoLC)fst00895326</subfield>
    </datafield>
    <datafield ind1=' ' ind2='7' tag='650'>
      <subfield code='a'>Older people</subfield>
      <subfield code='x'>Employment.</subfield>
      <subfield code='2'>fast</subfield>
      <subfield code='0'>(OCoLC)fst01199105</subfield>
    </datafield>
    <datafield ind1=' ' ind2='7' tag='650'>
      <subfield code='a'>Paper industry workers.</subfield>
      <subfield code='2'>fast</subfield>
      <subfield code='0'>(OCoLC)fst01052499</subfield>
    </datafield>
    <datafield ind1=' ' ind2='7' tag='650'>
      <subfield code='a'>Plant shutdowns.</subfield>
      <subfield code='2'>fast</subfield>
      <subfield code='0'>(OCoLC)fst01065684</subfield>
    </datafield>
    <datafield ind1=' ' ind2='7' tag='650'>
      <subfield code='a'>Unemployed.</subfield>
      <subfield code='2'>fast</subfield>
      <subfield code='0'>(OCoLC)fst01161152</subfield>
    </datafield>
    <datafield ind1=' ' ind2='7' tag='651'>
      <subfield code='a'>United States.</subfield>
      <subfield code='2'>fast</subfield>
      <subfield code='0'>(OCoLC)fst01204155</subfield>
    </datafield>
    <datafield ind1=' ' ind2='7' tag='655'>
      <subfield code='a'>Case studies.</subfield>
      <subfield code='2'>fast</subfield>
      <subfield code='0'>(OCoLC)fst01423765</subfield>
    </datafield>
    <datafield ind1='1' ind2=' ' tag='700'>
      <subfield code='a'>Park, Rosemarie J.,</subfield>
      <subfield code='e'>author.</subfield>
    </datafield>
    <datafield ind1='0' ind2='8' tag='776'>
      <subfield code='i'>Online version:</subfield>
      <subfield code='a'>Root, Kenneth, author.</subfield>
      <subfield code='t'>Surviving job loss.</subfield>
      <subfield code='d'>Kalamazoo, Mich. : W.E. Upjohn Institute for Employment Research, [2016]</subfield>
      <subfield code='z'>9780880995085</subfield>
      <subfield code='w'>(DLC)  2016002251</subfield>
    </datafield>
    <datafield ind1=' ' ind2='0' tag='830'>
      <subfield code='a'>WE focus series.</subfield>
    </datafield>
    <datafield ind1='0' ind2=' ' tag='852'>
      <subfield code='8'>22111956880003811</subfield>
      <subfield code='b'>MAIN</subfield>
      <subfield code='c'>stacks</subfield>
      <subfield code='h'>HD8039.P332</subfield>
      <subfield code='i'>U676 2016</subfield>
    </datafield>
    <datafield ind1=' ' ind2=' ' tag='902'>
      <subfield code='a'>160511</subfield>
    </datafield>
    <datafield ind1=' ' ind2=' ' tag='907'>
      <subfield code='a'>.b61302387</subfield>
      <subfield code='b'>p    </subfield>
      <subfield code='c'>-</subfield>
    </datafield>
    <datafield ind1=' ' ind2=' ' tag='945'>
      <subfield code='l'>pstk </subfield>
      <subfield code='g'>1</subfield>
    </datafield>
    <datafield ind1=' ' ind2=' ' tag='998'>
      <subfield code='b'>1</subfield>
      <subfield code='c'>160419</subfield>
      <subfield code='d'>m</subfield>
      <subfield code='e'>a</subfield>
      <subfield code='f'>-</subfield>
      <subfield code='g'>0</subfield>
    </datafield>
    <datafield ind1=' ' ind2=' ' tag='998'>
      <subfield code='b'>1</subfield>
      <subfield code='c'>160419</subfield>
      <subfield code='d'>m</subfield>
      <subfield code='e'>a</subfield>
      <subfield code='f'>-</subfield>
      <subfield code='g'>0</subfield>
    </datafield>
  </record>