
  <record>
    <leader>01120cam a22003610  4500</leader>
    <controlfield tag='001'>991012132499760614</controlfield>
    <controlfield tag='008'>831003s1983    nyu      d    00010deng  </controlfield>
    <datafield ind1='0' ind2='0' tag='246'>
      <subfield code='a'>Dictionary of American history: 246.</subfield>
      <subfield code='b'>Subfield B.</subfield>
      <subfield code='f'>Subfield F.</subfield>
      <subfield code='g'>Subfield G.</subfield>
      <subfield code='n'>Subfield N.</subfield>
      <subfield code='p'>Subfield P.</subfield>
    </datafield>
    <datafield ind1='1' ind2='0' tag='245'>
      <subfield code='a'>Concise dictionary of American history.</subfield>
    </datafield>
  </record>